3188 5340
306 445 340 495 56
822 439 925 493 ANNO
944 440 1009 492 1³07

305 604 465 658 vehementi
489 606 650 672 suspicione
672 605 818 672 concepta,
839 602 1018 673 inquisitoris
1048 608 1195 675 praedicti,
1226 610 1275 675 qui
1304 609 1415 665 brachii
1446 613 1538 665 nostri

305 687 443 743 auxilium
452 687 601 750 invocavit,
613 689 697 754 justis
709 689 739 741 in
759 689 813 742 hac
833 692 914 755 parte
926 689 1183 757 supplicationibus
1206 697 1374 757 annuentes,
1386 693 1458 747 iicet
1475 707 1539 748 esse

306 771 401 835 posset
420 784 519 823 eorum
538 771 648 838 aliquos
667 775 730 827 iore
743 772 899 840 culpabiles
911 777 940 827 et
954 775 1026 827 alios
1043 776 1221 838 innocentes,
1233 779 1352 842 propter
1363 778 1537 844 mutatam

305 852 641 920 tamennagotiietquia
655 857 809 910 1011100110
827 857 991 922 praemissis
1015 856 1086 909 alias
1103 857 1189 923 plene
1209 860 1331 924 reperiri
1352 873 1409 911 non
1427 865 1536 926 posset,

305 935 366 986 tum
384 935 452 999 quia
467 940 567 990 contra
588 953 685 992 omnes
705 939 856 992 vehemens
881 942 924 992 est
947 942 1011 992 orta
1030 941 1164 1005 suspicio,
1186 943 1247 992 tum
1265 942 1343 1006 quia,
1363 944 1388 994 si
1411 944 1463 1009 qui
1480 944 1539 996 sint

306 1016 472 1072 innoeentes
491 1021 595 1083 exeis,
616 1021 730 1086 expedit
750 1023 826 1086 quod
842 1025 987 1087 tamquam
1010 1036 1111 1074 aurum
1134 1024 1165 1074 in
1186 1024 1302 1077 iornace
1324 1028 1487 1092 purgentur
1507 1032 1538 1080 et

307 1099 403 1153 debita
412 1102 512 1166 judicii
524 1104 734 1156 examinatione
745 1106 911 1170 probentur,
930 1104 1136 1157 deliberatione
1153 1119 1240 1171 snper
1256 1106 1301 1158 his
1313 1122 1377 1160 cum
1389 1108 1536 1173 praelatis,

306 1181 460 1235 baronibus
481 1186 565 1251 regni
583 1187 673 1236 nostri
696 1187 726 1237 et
750 1185 815 1236 aliis
835 1185 1007 1238 consiliariis
1026 1187 1140 1248 nostris,
1165 1190 1197 1239 ut
1218 1188 1420 1252 praemittitur,
1438 1190 1538 1243 habita

307 1261 439 1329 pleniori,
451 1268 637 1332 decrevimus,
648 1270 679 1320 ut
688 1269 849 1334 singulares
861 1283 1000 1335 personae
1013 1270 1151 1335 praedicti
1162 1271 1271 1322 ordinis
1280 1273 1361 1338 regni
1371 1274 1463 1325 nostri
1476 1275 1537 1326 sine

306 1349 472 1414 exceptione
484 1348 581 1414 aliqua
591 1351 750 1416 capiantur,
770 1353 845 1417 capti
862 1355 1014 1404 teneantur
1033 1354 1063 1404 et
1075 1352 1213 1405 ecclesiae
1229 1354 1337 1418 judicio
1355 1364 1538 1419 praeserven-

307 1431 363 1491 tur,
373 1433 506 1484 etomnia
523 1433 597 1485 bona
608 1448 659 1485 sua
669 1433 788 1486 mobilia
799 1437 828 1486 et
846 1434 1003 1486 immobilia
1014 1435 1168 1487 saisientur
1184 1435 1261 1488 etad
1278 1449 1392 1489 manum
1410 1439 1538 1489 nostram

307 1512 404 1565 saisita
416 1513 771 1580 fideliterconserventur3
796 1531 884 1582 quare
910 1518 990 1569 vobis
1010 1518 1213 1569 committimus
1232 1518 1262 1571 et
1278 1519 1406 1571 districte
1428 1520 1539 1585 praeci·

307 1595 410 1659 piendo
419 1600 593 1664 mundamus,
606 1603 746 1666 quatenus
762 1603 796 1654 ad
815 1602 972 1654 bailliviam
984 1603 1205 1654 ambianensem
1222 1616 1272 1652 vos
1282 1603 1332 1652 ani
1342 1601 1399 1653 duo
1410 1605 1540 1655 vestrum

307 1681 496 1744 personaliter
504 1685 684 1737 conterentes
696 1685 825 1751 singulos
844 1686 948 1736 iratres
968 1685 1057 1750 ipsius
1069 1684 1178 1737 ordinis
1189 1685 1251 1737 sine
1263 1684 1430 1750 exceptione
1441 1685 1541 1751 aliqua

308 1763 427 1827 capiatis
438 1766 467 1815 et
478 1767 575 1831 captos
588 1769 709 1819 teneatis
721 1767 859 1819 ecciesiae
870 1768 977 1832 judicio
990 1768 1212 1832 praeservandos
1221 1769 1251 1819 et
1263 1768 1337 1819 bona
1352 1780 1405 1819 sua
1420 1767 1543 1821 mobilia

309 1844 338 1897 et
351 1844 509 1899 immobilia
532 1850 654 1901 saisiatis
676 1852 705 1901 et
729 1851 763 1901 ad
790 1863 905 1902 manum
927 1852 1052 1901 nostram
1072 1850 1172 1901 saisita
1191 1850 1253 1901 sine
1272 1850 1491 1915 consumptione
1513 1853 1544 1902 et

308 1925 501 1980 devastatione
512 1944 689 1996 quacumque
697 1932 780 1996 juxta
789 1931 997 1983 ordinationem
1007 1933 1036 1983 et
1048 1931 1279 1982 informationem
1292 1932 1446 1983 maximam
1459 1933 1541 1984 robis

307 2009 359 2063 sub
371 2011 566 2078 contrasigillo
585 2017 681 2064 nostro
692 2015 807 2064 missam
820 2014 1031 2066 districtissime
1043 2015 1175 2074 teneatis,
1183 2026 1329 2079 quousque
1339 2015 1448 2065 anobis
1459 2014 1538 2066 aliud

309 2105 395 2157 super
411 2092 465 2146 hoc
477 2097 643 2160 receperitis
668 2097 698 2148 in
721 2097 871 2159 mandatis,
895 2097 994 2148 dantes
1013 2095 1154 2160 fidelibus,
1177 2097 1345 2160 justiciariis
1367 2100 1398 2149 et
1418 2098 1542 2149 subditis

310 2176 415 2231 nostris
427 2178 526 2230 tenore
537 2179 731 2243 praesentium
743 2179 772 2230 in
785 2179 935 2239 mandatis,
954 2181 987 2230 ut
1003 2179 1032 2230 in
1045 2179 1208 2243 praemissis
1221 2179 1351 2230 omnibus
1371 2180 1401 2232 et
1417 2179 1543 2245 singulis

311 2259 340 2313 et
351 2271 386 2311 ea
396 2259 578 2326 tangentibus
594 2261 674 2312 vobis
685 2263 805 2326 pareant
816 2262 973 2313 efficaciter
989 2264 1018 2313 et
1031 2261 1188 2312 intendant.

342 2340 444 2393 Actum
453 2342 483 2393 in
491 2341 583 2408 regali
592 2343 706 2395 abbatis
718 2345 817 2395 beatae
830 2343 937 2396 Mariae
949 2344 1031 2408 juxta
1043 2343 1233 2404 Pontisaram,
1251 2343 1282 2394 in
1294 2344 1367 2395 testo
1384 2342 1540 2396 exaltatio·

312 2421 355 2475 nis
366 2426 480 2475 sanctae
492 2425 599 2486 Crucis,
612 2439 685 2477 anno
698 2426 813 2477 Domini
825 2425 964 2478 M.C.C.D.
978 2426 1111 2490 septimo.

345 2503 441 2556 'l'euor
450 2520 518 2558 vero
528 2507 641 2560 litterae
650 2508 719 2559 dicti
730 2509 828 2559 fratris
837 2507 995 2575 G[ulielmi]
1005 2508 1041 2560 de
1053 2508 1184 2560 Parisius
1196 2505 1262 2560 talis
1274 2510 1337 2560 erat
1352 2523 1358 2558 ε

344 2587 500 2654 Religiosis
520 2591 549 2640 et
568 2590 778 2641 venerabilibus
807 2589 946 2640 iratribus
969 2589 1186 2654 inquisitoribus
1207 2589 1369 2642 haereticae
1391 2592 1544 2655 pravitatis

312 2669 453 2724 Tholosae
464 2674 493 2724 et
511 2671 699 2724 carcassonae
718 2671 891 2724 authoritate
909 2671 1066 2737 apostolica
1083 2671 1235 2736 deputatis,
1258 2673 1402 2737 prioribus
1419 2687 1543 2726 conven-

311 2752 445 2814 tualibus,
458 2755 654 2819 subprioribus
676 2755 705 2806 et
717 2753 871 2806 lectoribus
895 2755 1004 2805 ordinis
1022 2754 1143 2805 iratrnm
1161 2755 1389 2818 praedicatorum
1401 2755 1432 2806 in
1450 2768 1543 2824 ragno

312 2834 450 2889 Franciae
461 2837 631 2898 constitutis,
653 2850 752 2889 eorum
769 2835 902 2888 videlicet
918 2835 1040 2902 singulis
1054 2837 1200 2897 iratribus,
1215 2835 1395 2904 G[ulielmus]
1408 2838 1444 2890 de
1457 2839 1542 2890 Pari·

313 2917 507 2983 eiusciusdem
517 2920 635 2981 ordinis,
645 2918 808 2984 capellanus
817 2919 925 2970 domini
937 2931 1036 2984 papae,
1050 2921 1196 2970 confessor
1212 2920 1350 2984 principis
1372 2918 1544 2972 excellentis

314 3002 420 3055 domini
431 3000 567 3066 Philippi,
578 3002 631 3052 Dei
640 3001 734 3067 gratia
746 3001 919 3052 Francorum
931 3002 1019 3066 regis,
1037 3013 1071 3051 ac
1087 3000 1239 3063 inquisitor
1256 3000 1400 3066 generalis
1418 3001 1544 3054 haereti·

314 3096 364 3135 cae
386 3083 534 3147 pravitatis
551 3084 634 3149 regni
655 3084 791 3135 Franciae
815 3081 988 3133 authoritate
1010 3080 1166 3146 apostolica
1187 3080 1348 3146 deputatus,
1367 3081 1492 3135 salutem
1514 3084 1544 3135 in

314 3167 411 3218 actore
420 3166 450 3216 et
458 3166 684 3217 consummatore
697 3165 763 3216 fidei
774 3164 844 3215 iesu
855 3163 976 3214 cbristo.

347 3246 463 3301 Fratres
482 3245 651 3309 charissimi,
673 3245 765 3299 scelus
784 3244 1044 3306 sceleratissimum,
1062 3243 1186 3296 coeleste
1208 3245 1359 3311 flagitium,
1384 3245 1472 3311 quale
1491 3260 1546 3299 nec

314 3327 413 3381 oculus
424 3328 495 3382 vidit
511 3342 563 3380 nec
575 3330 652 3381 auris
664 3330 772 3381 audivit
783 3343 836 3381 nec
844 3328 916 3381 alias
928 3330 958 3381 in
968 3329 1091 3380 hominis
1103 3342 1153 3379 cor
1164 3329 1302 3394 ascendit,
1317 3343 1364 3382 res
1376 3344 1486 3393 amara,
1496 3344 1544 3384 res

315 3410 430 3475 flebilis,
449 3411 667 3466 abhominabilis
679 3411 801 3464 etvalde
818 3411 965 3474 terribilis,
985 3426 1020 3464 ex
1038 3425 1094 3475 qua
1116 3413 1263 3464 consuevit
1281 3413 1328 3464 via
1345 3412 1399 3464 Dei
1414 3413 1445 3464 in
1467 3412 1546 3464 illios

316 3494 491 3547 diffidentiae
502 3495 660 3559 provocari,
678 3496 872 3546 commovetur
880 3497 958 3546 terra
969 3494 1103 3545 nimirum
1118 3507 1151 3545 ac
1165 3495 1261 3546 omnia
1272 3493 1415 3546 elementa
1424 3495 1544 3548 turban-

316 3579 373 3640 tur,
383 3592 486 3631 nomen
494 3578 583 3630 divini
595 3580 717 3631 nominis
726 3579 886 3641 exufflatur,
896 3577 1045 3645 religionis
1055 3580 1185 3631 venustas
1194 3577 1387 3638 confunditur,
1398 3576 1545 3631 laceratur

318 3661 458 3714 stabilitas
470 3661 537 3713 iidei
548 3660 729 3713 christianae.

348 3745 447 3810 Nuper
457 3744 493 3796 ad
504 3744 611 3795 domini
631 3745 709 3810 regis
721 3743 848 3795 auditum
860 3745 889 3794 et
906 3743 1032 3794 nostrum
1046 3743 1184 3807 pervenit,
1200 3742 1334 3794 videlicet
1347 3741 1424 3807 quod
1437 3743 1546 3795 iratres

317 3828 425 3880 ordinis
446 3824 628 3892 quamplures
652 3826 773 3878 Militiae
796 3824 917 3891 Templi,
943 3826 967 3876 si
992 3826 1097 3877 iratres
1120 3826 1229 3877 ordinis
1254 3824 1368 3878 valeant
1392 3824 1545 3890 appellari,

316 3909 389 3963 ialso
400 3909 550 3976 religionis
570 3922 672 3962 nomen
694 3910 822 3961 tenentes
842 3910 871 3960 et
890 3908 1028 3969 habitum,
1049 3908 1247 3960 detestabilem
1264 3907 1407 3960 haeresim
1424 3922 1458 3961 ac
1470 3908 1546 3961 alias

317 3994 473 4047 inauditam
484 3993 654 4058 profitentur
674 3991 792 4053 occulte,
813 3994 854 4043 ita
874 3991 948 4056 quod
968 3991 1054 4043 etiam
1073 3992 1103 4041 in
1124 3991 1254 4057 ingressu
1275 3986 1373 4042 iratris
1389 3989 1550 4054 cujuslibet

318 4076 440 4143 praelati
460 4075 578 4135 ordinis,
600 4089 685 4127 cruce
710 4075 823 4126 Domini
841 4087 905 4125 cum
925 4074 987 4138 eius
1004 4075 1100 4139 effigie
1122 4073 1294 4140 praeposita,
1306 4073 1391 4125 Jesus
1413 4071 1549 4126 Christus

320 4159 457 4213 Dominus
469 4162 566 4210 noster
577 4172 627 4224 por
639 4172 713 4220 cum,
734 4159 782 4222 qui
801 4158 949 4223 recipitur,
962 4159 1008 4209 ter
1025 4159 1146 4224 negatur
1158 4158 1187 4209 et
1197 4157 1260 4209 vice
1276 4155 1405 4220 qualibet
1416 4157 1552 4222 conspui·

320 4245 368 4295 tur
379 4255 466 4309 super
476 4255 590 4294 crucem
610 4242 639 4292 at
656 4240 810 4306 imaginem
820 4240 890 4292 iesu
903 4239 1019 4292 Christi.
1038 4240 1202 4304 Postquam,
1215 4240 1340 4291 vestibus
1352 4240 1440 4291 exuto
1451 4240 1552 4308 ingre-

320 4325 425 4386 diente,
442 4324 611 4390 praeceptor
632 4321 677 4374 vel
699 4321 803 4387 aliquis
820 4322 947 4387 ejusdem
964 4322 1072 4374 ordinis
1089 4322 1183 4388 ipsum
1199 4322 1373 4376 authoritate
1384 4323 1456 4387 ejus
1475 4326 1552 4377 reci-

319 4408 399 4473 piens
410 4409 455 4458 ter
465 4407 612 4472 receptum
623 4405 775 4467 osculatur,
788 4405 881 4470 primo
893 4406 989 4458 influe
1009 4406 1108 4471 spinae
1126 4405 1203 4457 dorsi
1219 4405 1349 4466 interius,
1370 4405 1500 4458 secundo
1519 4408 1550 4458 in

320 4488 464 4551 umbilico,
477 4489 561 4542 tertio
570 4489 600 4542 in
616 4501 675 4550 ore,
686 4489 800 4557 recepto
810 4487 993 4542 nihilominus
1004 4488 1191 4555 injungendo,
1204 4486 1289 4553 quod,
1302 4488 1326 4539 si
1344 4487 1410 4551 quis
1421 4491 1552 4543 fratrum
