3188 5340
191 464 243 519 2⁵0
709 464 813 519 ANNO
831 461 896 515 1423

192 636 228 702 te
250 633 429 701 menschen
456 651 537 700 orer
566 631 680 700 hunno
710 630 1005 722 krachtdadigheid
1036 634 1070 704 in
1101 635 1161 705 het
1191 632 1332 704 suman
1360 649 1416 702 van

193 757 295 804 senen
319 735 545 825 gevaarlijken
568 735 680 805 letter
705 736 813 826 (Gillis
840 737 1000 808 liersault
1014 737 1042 830 i)
1069 762 1110 809 an
1133 760 1186 808 om
1209 738 1278 807 ben
1302 756 1365 806 aan
1385 742 1414 804 te

192 861 313 929 sporen
328 841 398 910 niet
416 841 522 908 alieen
539 839 572 907 in
588 839 647 909 het
663 842 800 929 vervolg
815 841 879 909 alle
895 843 1018 911 andere
1034 843 1163 912 letters
1177 843 1227 912 uit
1241 847 1279 910 to
1294 838 1408 919 roeisn,

192 965 285 1013 maar
299 944 363 1012 ook
378 943 564 1012 zichrelven
582 964 623 1010 en
638 943 680 1011 de
695 945 839 1032 gansche
863 947 1114 1036 goestelijkheid
1137 966 1205 1016 ran
1220 945 1281 1013 iret
1295 942 1408 1012 bisdon

190 1053 242 1118 tot
257 1068 317 1116 een
340 1047 516 1116 voorbeald
539 1067 603 1114 van
628 1046 880 1138 onberispelijke
902 1048 1003 1117 aeden
1026 1055 1060 1118 te
1083 1049 1216 1130 maian,
1239 1049 1292 1116 als
1313 1045 1406 1136 aijnds

190 1152 239 1221 dit
255 1151 313 1221 het
328 1150 419 1221 besta
435 1151 553 1219 middel
575 1172 628 1219 om
645 1151 684 1220 de
700 1152 834 1242 ketterij
852 1158 903 1222 tot
915 1153 1071 1223 onmacht
1087 1160 1122 1224 to
1143 1154 1293 1222 doemon.

223 1293 372 1354 Martinus,
382 1293 437 1344 etc.
450 1291 569 1344 Dilectis
581 1291 648 1343 filiis
665 1293 772 1344 decano
789 1294 820 1345 et
836 1293 960 1360 capitulo
977 1292 1116 1346 ecclesiae
1134 1288 1401 1353 morbacensem·

191 1377 327 1437 temeto.

221 1458 421 1512 Intelleximus
432 1470 468 1509 ex
478 1455 583 1508 litteris
594 1457 705 1509 vestrae
725 1456 886 1510 dilectionis
904 1459 1087 1526 diligentiam
1104 1460 1231 1511 vestram
1241 1458 1273 1511 et
1283 1455 1399 1508 solliciti·

191 1543 392 1606 dinem,quam
414 1538 584 1592 adhibuistis
594 1553 651 1591 una
669 1553 732 1591 cum
749 1540 904 1593 venerabili
925 1543 1015 1594 tratre
1032 1543 1153 1603 toarno,
1172 1541 1307 1606 episcopo
1322 1539 1398 1591 vestro

190 1623 421 1686 Tornacensi,ad
441 1623 684 1674 conservationem
701 1622 799 1688 populi
820 1624 850 1674 in
868 1624 1033 1676 sinceritate
1051 1624 1129 1689 ddei,
1141 1625 1172 1675 et
1194 1622 1231 1674 ad
1242 1621 1399 1687 punitionem

189 1705 268 1759 illius
286 1705 434 1765 haeretici,
448 1705 498 1769 qui
509 1706 567 1756 tam
579 1705 720 1757 netarium
732 1705 836 1772 dogma
848 1705 1032 1772 divulgabat3
1053 1707 1089 1759 de
1106 1720 1163 1771 quo
1180 1719 1234 1757 nos
1245 1719 1298 1770 pro
1308 1702 1399 1756 meritis

189 1789 333 1842 actionum
343 1789 501 1840 vestrarum
513 1788 600 1853 digne
618 1787 775 1848 laudamus,
788 1800 821 1839 ac
833 1801 931 1840 curam
950 1790 1074 1840 vestram
1087 1789 1165 1840 circa
1182 1800 1284 1840 eorum
1295 1786 1399 1851 extirpa·

187 1867 295 1917 tionem
313 1866 343 1917 in
361 1866 482 1917 Domino
500 1867 738 1930 commendantes,
756 1880 891 1932 rogamus
909 1867 1237 1929 devotioncmvestram,
1249 1867 1283 1918 ut
1298 1864 1399 1930 diligen

188 1950 234 2000 ter
242 1948 423 2012 perquiratis,
436 1947 460 1998 si
472 1948 521 2012 qui
533 1961 568 2000 ex
578 1950 636 1999 tam
653 1948 809 2013 pernitioso
826 1962 936 2000 veneno
954 1949 1054 2001 inlecti
1071 1949 1279 2001 remansissent
1291 1963 1299 2012 ;
1315 1944 1400 2011 quisi

188 2031 379 2094 reperiantur,
393 2031 458 2081 date
471 2043 587 2094 operam
599 2043 663 2081 cum
675 2031 752 2081 omni
764 2031 893 2089 caritate.
907 2033 939 2083 ut
947 2032 1122 2083 reducantur
1133 2032 1169 2084 ad
1184 2032 1289 2083 bonam
1305 2031 1400 2094 brugen

188 2114 217 2164 et
226 2125 306 2163 suam
318 2112 461 2178 abnegent
469 2112 655 2177 impietatem,
668 2126 733 2163 cum
744 2111 816 2164 nihil
834 2113 871 2165 sit
890 2113 1059 2180 diligentius
1071 2114 1279 2166 attendendum
1290 2125 1367 2177 quam
1376 2109 1401 2159 ιι

189 2194 334 2246 salventur
345 2195 457 2246 animae
468 2196 498 2246 ct
507 2195 673 2260 peccatores
685 2195 857 2247 reducantur
868 2195 904 2247 ad
915 2196 990 2248 viam
1002 2197 1123 2248 rectam.
1140 2197 1170 2248 Si
1188 2209 1257 2249 vero
1277 2195 1307 2246 in
1319 2204 1400 2246 errore

187 2275 259 2343 (suo)
269 2276 410 2329 obstinate
423 2289 607 2341 perseverare
616 2276 781 2341 maluerint,
791 2278 968 2345 castigentur
977 2279 1227 2331 animadversione
1238 2277 1343 2330 debita.

221 2360 276 2411 Sed
290 2360 385 2412 tamen
398 2359 645 2411 considerantibus
658 2360 749 2421 nobis,
768 2373 843 2425 quae
854 2362 980 2413 maxime
992 2362 1030 2412 sit
1042 2361 1119 2413 circa
1135 2360 1191 2413 hoc
1207 2359 1289 2412 utilis
1300 2356 1402 2425 pruden-

186 2442 236 2506 tia,
249 2441 329 2494 nulla
345 2440 457 2503 melior,
472 2440 551 2493 nulla
562 2441 706 2494 salubrior
717 2443 830 2495 videtur
842 2457 905 2495 esse
917 2457 1003 2508 quam
1021 2445 1053 2496 nt
1062 2444 1117 2509 ipsi
1129 2444 1256 2510 primum
1268 2438 1400 2507 corrigatis

185 2523 271 2586 atque
282 2522 439 2575 emendetis
450 2524 559 2575 vosmet
569 2524 647 2588 ipsos
660 2525 690 2575 et
701 2538 795 2576 mores
814 2524 932 2587 vestras,
954 2525 1048 2590 quoad
1066 2524 1131 2576 fleri
1148 2524 1246 2590 potest
1262 2520 1399 2575 immutatis

184 2604 214 2655 in
223 2603 336 2666 melius,
345 2604 448 2657 deinde
460 2604 652 2657 exhortemini
661 2607 824 2658 universum
837 2607 956 2669 clerum,
967 2609 1000 2657 nt
1010 2607 1065 2672 ipsi
1078 2619 1192 2671 quoque
1203 2604 1256 2673 [se]
1269 2597 1398 2670 comigui

185 2686 215 2738 et
226 2685 387 2738 abstineant
396 2699 414 2740 a
424 2688 559 2752 peccatis.
573 2686 749 2740 clericorum
762 2689 838 2740 enim
850 2688 955 2741 delicta
966 2689 1092 2754 plurima
1108 2688 1234 2755 prebent
1252 2683 1396 2753 hujusmodi

184 2768 348 2820 hominibus
365 2782 480 2821 causam
497 2769 664 2822 detrahendi
692 2772 771 2822 vobis
788 2784 822 2823 ac
849 2771 1014 2823 diffamandi
1037 2769 1249 2823 ecclesiasticas
1268 2779 1396 2836 persona·

184 2852 209 2903 si
226 2851 299 2904 bene
316 2853 346 2904 et
370 2853 446 2916 juste
462 2851 572 2913 viretis,
591 2853 768 2905 obtrectandi
792 2853 929 2906 ecclesiae
952 2854 1102 2906 materiam
1126 2867 1184 2905 non
1207 2850 1357 2912 habebunt,
1374 2849 1396 2899 et

182 2934 264 2985 vobis
276 2935 361 2986 erunt
377 2934 483 2999 singuli
501 2933 720 2986 obedientiores.
733 2934 864 2988 Vestram
880 2936 971 3002 igitur
986 2936 1167 2988 devotionem
1184 2930 1395 2988 obsecrammin

183 3015 314 3078 Domino,
334 3017 366 3067 ut
390 3016 432 3067 ita
449 3017 549 3068 vivatis
568 3016 740 3083 corrigendo
753 3019 783 3069 et
801 3018 944 3083 puniendo
967 3018 1114 3083 improbos
1125 3018 1155 3069 in
1168 3016 1283 3069 delictis
1299 3012 1397 3074 suiset

181 3099 276 3150 vestra
295 3098 371 3149 bona
382 3110 472 3163 opera
484 3099 671 3164 ostendendo,
693 3101 725 3151 ut
742 3101 850 3151 caeteri
866 3099 1029 3166 exemplum
1046 3102 1224 3152 summentea
1246 3098 1354 3151 avonis
1369 3093 1395 3146 ad

183 3181 370 3232 mutationem
387 3182 512 3232 vestram
541 3181 727 3246 impellantur
754 3183 789 3233 ad
810 3197 922 3234 omnem
951 3183 1181 3234 observationem
1207 3181 1330 3233 virtutis.
1348 3177 1395 3238 0¹1⁰

184 3262 307 3313 maxime
325 3263 409 3313 modo
421 3276 471 3313 vos
484 3264 604 3315 tutiores
624 3263 659 3315 ab
671 3264 735 3315 istis
747 3264 888 3317 scandalis
899 3265 981 3317 eritis
998 3265 1028 3316 in
1048 3266 1179 3317 futurum
1191 3266 1223 3317 et
1232 3262 1361 3331 populum
1373 3261 1395 3311 in

183 3344 334 3396 devotione
353 3344 491 3397 ccclesiae
511 3347 541 3397 et
563 3345 708 3397 indebita
727 3347 889 3399 reverentia
908 3360 980 3413 erga
999 3345 1109 3400 clerum
1129 3346 1343 3400 conservabitis.

218 3425 335 3489 Datum,
346 3425 468 3491 Romae,
480 3428 534 3478 etc.

446 3540 565 3594 Arcbiei
578 3556 632 3594 van
643 3541 694 3595 het
704 3543 844 3596 Vatikaan
856 3543 954 3609 (Arch.
966 3557 1039 3598 secr.
1056 3544 1142 3610 vat),
1154 3543 1231 3611 Reg.
1249 3542 1308 3606 85⁰,
1320 3541 1364 3595 iol.
1372 3539 1396 3592 li

478 3625 593 3689 en1923
611 3627 691 3677 Arm.
703 3625 837 3688 XXXIX,
851 3628 870 3676 t.
889 3626 923 3691 V,
936 3640 1003 3692 pars
1019 3626 1121 3689 2⁸,101.
1133 3625 1231 3690 anam
1249 3622 1395 3686 onticcdtij

480 3705 614 3769 Cauchis,
626 3705 752 3770 Marion,
766 3708 819 3759 bia.
831 3707 903 3774 3193
923 3709 1079 3776 aigedrukt
1098 3709 1136 3775 bij
1160 3708 1197 3761 ll.
1216 3709 1278 3761 Van
1295 3707 1394 3764 naute

479 3785 588 3841 ιιιινω
603 3786 639 3840 de
656 3788 764 3842 Marta·
791 3789 824 3854 v,
847 3790 877 3842 in
900 3791 936 3844 de
955 3788 1113 3854 ambesas,
1125 3790 1168 3844 ει·
1183 3790 1280 3856 meki,
1292 3789 1351 3845 dael
1365 3786 1394 3849 Χ,

478 3868 533 3922 bia.
547 3870 578 3921 16
594 3884 630 3924 cn
647 3871 689 3923 17.

598 4063 600 4068 ’
674 4092 751 4162 146
773 4084 905 4183 (266⁵).

228 4285 320 4364 1423,
339 4299 387 4348 na
401 4277 477 4348 Juli
488 4287 542 4360 22,
560 4280 678 4349 Rome.
697 4284 803 4350 Breve
815 4303 881 4351 van
893 4284 1059 4354 Martinus
1076 4285 1120 4365 V,
1133 4282 1267 4372 gerioht
1280 4285 1328 4351 tot
1338 4279 1388 4348 den

181 4385 376 4470 magistraat
391 4404 457 4451 van
484 4383 642 4466 Doornik,
668 4405 721 4452 om
744 4386 818 4454 hem
834 4388 934 4475 gelnk
957 4393 991 4458 te
1015 4387 1197 4483 wenschan
1219 4407 1299 4455 over
1317 4384 1388 4471 xijm

181 4480 478 4574 kraohtdadigheid
494 4484 527 4553 in
540 4487 598 4555 het
609 4486 745 4556 straden
751 4508 816 4558 ran
824 4511 928 4558 senen
940 4490 1169 4582 gevaariijken
1175 4491 1285 4562 kata
1296 4483 1385 4578 (diliis
