3188 5340
579 107 683 166 ANNO
701 107 766 164 isos
1245 113 1295 171 179

81 273 109 326 ει
115 286 266 340 pauperes,
283 275 389 328 etideo
405 274 571 330 cohabitant
581 291 632 331 seu
650 278 736 332 simul
747 279 832 341 sunt,
845 281 877 332 ut
887 278 990 333 malim
1011 284 1050 334 se'
1066 281 1235 336 sustentent}
1256 281 1294 336 llt

77 357 193 422 propter
211 357 299 410 talem
315 372 429 411 caumm
441 361 541 413 tenues
556 374 696 426 personae
716 364 833 426 possunt
852 362 958 416 habere
979 362 1141 431 collegium,
1162 365 1192 417 et
1208 363 1294 418 colle·

76 440 154 505 mum
160 439 324 493 tenuiorum
336 444 380 493 est
390 443 568 508 permissum,
586 445 619 495 ut
636 443 668 495 L.
680 445 703 497 1.
717 445 799 508 §ln
817 446 852 497 de
869 445 935 498 coll.
956 444 1013 509 Illi,
1026 445 1180 499 secundum
1194 447 1292 500 Barto

75 521 133 572 lnm
149 523 182 574 in
192 522 296 575 dictam
305 523 337 576 L.
349 524 378 575 n.
388 524 463 577 Item
474 525 546 578 istae
554 539 694 591 personae
705 529 823 592 propter
839 527 894 579 hoc
911 527 995 580 simul
1007 530 1084 580 stant
1095 527 1139 581 vel
1152 528 1292 593 habitant,

73 605 112 665 ut,
123 605 271 669 acquisitis
294 607 470 668 necessariis,
491 607 593 659 melius
615 609 676 660 Deo
696 609 829 671 serviant,
842 610 871 660 id
891 612 944 671 est,
967 625 1052 662 causa
1071 611 1221 678 religionis
1243 612 1294 664 aut

72 683 241 734 devotionis.
266 683 393 751 Collegia
413 688 519 752 autem,
542 700 615 750 quae
632 687 704 739 fiunt
727 701 812 739 causa
827 687 979 755 religionis
998 690 1027 742 et
1039 690 1206 753 devotionis,
1226 703 1290 755 per·

71 766 159 817 missa
181 767 250 817 sunt
268 767 299 819 et
316 766 403 819 licita.
426 769 455 820 n.
477 769 512 820 de
532 767 597 819 coll.
616 768 658 820 ill.
679 769 702 822 1.
724 769 748 821 1.
769 770 787 834 9
806 769 988 837 Religionis,
1009 772 1041 822 ut
1061 773 1141 824 notat
1160 772 1200 823 ibi
1225 772 1293 824 Bar·

70 846 147 898 tolus
164 848 196 899 in
216 848 248 901 L.
262 848 334 900 lieet
351 849 544 914 Innocentius,
557 852 587 903 et
602 850 668 903 Ich.
687 851 827 914 Andreae,
837 852 917 906 letr.
931 854 966 905 de
978 866 1085 905 excess.
1104 853 1194 918 prael.
1207 867 1293 920 super

69 929 216 994 capitulo:
233 929 350 993 Duco,
362 932 393 984 et
403 931 542 986 Ostiensis
558 934 589 984 in
606 933 730 995 Summa,
744 935 802 988 Tit.
821 937 857 986 de
874 936 1056 988 Procurator.
1074 936 1111 989 R.
1124 937 1160 988 de
1177 935 1291 989 sindico

69 1013 88 1076 s
100 1012 124 1064 1.
135 1027 162 1064 v.
176 1012 230 1065 Est
240 1016 335 1066 nutem
351 1014 531 1080 permissum,
551 1017 607 1068 etc.
619 1015 702 1078 Item,
715 1018 789 1080 quod
808 1017 948 1069 dictorum
968 1018 1139 1083 scriptorum
1150 1017 1195 1070 vel
1207 1017 1293 1070 libra·

69 1095 182 1146 riorum
191 1094 345 1162 collegium
356 1097 395 1147 sit
405 1097 584 1163 permissum,
596 1100 735 1164 patetper
752 1098 771 1148 l.
785 1099 814 1151 ti.
827 1100 857 1161 ii,
869 1098 950 1159 Quod
962 1100 1108 1164 cuiusque,
1122 1101 1188 1163 etc,
1206 1113 1293 1166 super

68 1177 177 1229 serbo:
195 1177 335 1230 Aliorum.
354 1178 410 1230 Ubi
427 1181 503 1240 nota,
516 1180 591 1244 quod
604 1194 701 1231 omnes
713 1182 789 1232 artes
802 1179 841 1231 ibi
851 1181 1012 1233 nominatae
1021 1180 1127 1233 habent
1138 1180 1293 1247 collegium

69 1259 262 1324 approbatum
274 1275 282 1311 τ
302 1261 359 1312 imo
376 1261 534 1326 approbata
545 1263 611 1313 sunt
622 1260 744 1328 collegia
755 1263 791 1314 de
801 1263 859 1326 jnri
872 1263 1024 1323 communi,
1037 1262 1085 1315 ubi
1097 1262 1194 1327 plnres
1206 1263 1291 1315 simul

69 1343 210 1393 exercent
226 1356 311 1394 unam
319 1344 411 1395 artem
420 1344 449 1395 in
458 1358 515 1395 uno
525 1342 586 1395 loco
598 1343 643 1395 vel
656 1345 779 1407 civitate,
790 1347 821 1395 ut
832 1346 912 1397 notat
923 1343 1057 1397 Bartolus
1068 1359 1154 1409 super
1171 1344 1203 1398 L.
1213 1345 1243 1397 fi.
1256 1346 1292 1397 de

69 1423 206 1490 collegio.
219 1422 292 1476 Illic.
304 1424 341 1477 Et
351 1438 403 1491 pro
421 1425 474 1476 boc
486 1427 555 1477 lacit
571 1428 632 1478 tota
648 1426 743 1492 glossa
755 1441 840 1491 super
852 1427 927 1477 dicto
939 1427 1026 1478 verbo
1039 1443 1046 1478 t
1067 1426 1205 1479 Aliorum.
1219 1427 1292 1479 Item

69 1519 122 1570 pro
134 1506 192 1557 isto
204 1506 274 1558 iacit
282 1505 414 1573 glossain
426 1507 457 1559 L.
465 1507 488 1559 I.
500 1509 528 1560 n.
542 1509 616 1572 quod
629 1509 775 1574 cuiusque,
787 1509 835 1560 ubi
845 1510 985 1560 formatur
997 1510 1107 1572 questio
1119 1524 1126 1560 ε
1139 1511 1183 1561 An
1195 1508 1292 1574 plures

68 1587 197 1641 scolares
215 1590 322 1641 stames
337 1589 368 1641 in
391 1603 448 1641 una
469 1591 552 1641 domo
572 1591 682 1656 possint
698 1592 794 1643 iacere
812 1590 974 1657 collegium,
995 1592 1067 1643 adeo
1088 1593 1162 1656 quod
1182 1592 1293 1656 possint

68 1672 167 1724 iacere
179 1670 337 1724 sindicuml
348 1671 385 1724 llt
395 1672 550 1737 respondet
560 1671 665 1738 glossa,
678 1674 753 1737 quod
771 1674 820 1724 sic.
840 1674 909 1726 Cum
921 1687 977 1738 qua
994 1674 1148 1726 concordat
1158 1673 1291 1726 Bartolus

68 1766 157 1818 super
173 1752 224 1804 vlt
242 1753 275 1806 L.
286 1754 315 1805 n.
327 1755 363 1806 de
372 1753 466 1816 colle,
478 1754 558 1816 illic,
568 1768 641 1819 quae
653 1758 697 1806 est
708 1754 755 1807 lex
764 1756 872 1808 Graeca
881 1756 921 1807 ibi
930 1755 1076 1807 translata.
1091 1756 1145 1809 Sed
1155 1756 1291 1820 numquid

68 1837 112 1886 est
120 1834 267 1901 illicitum,
276 1837 351 1900 quod
363 1837 403 1888 sic
412 1836 495 1888 simul
505 1836 700 1889 cohabitantes
711 1837 796 1889 horas
806 1839 942 1902 temporis
952 1838 1089 1899 dividant,
1101 1838 1200 1903 utpote
1212 1838 1288 1902 quod

70 1919 164 1970 certas
174 1917 263 1970 horas
271 1919 405 1971 ordinant
415 1920 451 1971 ad
467 1919 617 1971 servicium
631 1920 757 1972 divium
768 1921 801 1971 ut
812 1918 896 1971 simul
908 1921 1008 1971 missas
1019 1919 1146 1981 audiant,
1156 1919 1290 1972 ecclesias

69 2001 197 2064 visitent,
209 1999 281 2053 alias
300 2003 395 2053 autem
407 2001 492 2053 horas
508 2015 561 2067 pro
572 2002 648 2053 victu
666 2003 696 2053 et
712 2002 815 2054 vestitu
827 2001 967 2065 laborent,
981 2001 1108 2066 aliasque
1120 2002 1208 2054 bonas
1225 2015 1290 2054 eon·

71 2083 236 2135 suetudines
246 2082 330 2134 simul
342 2084 456 2136 servent
467 2085 497 2135 et
508 2084 650 2148 ordinent,
660 2085 692 2136 ut
703 2097 737 2136 eo
747 2084 870 2148 quietius
879 2085 993 2136 vivantl

98 2165 175 2218 Item
186 2167 284 2217 utrum
295 2165 333 2217 sit
343 2165 462 2229 licitum,
475 2166 549 2231 quod
567 2165 669 2230 aliquis
681 2167 775 2232 gratia
786 2167 944 2232 recipiendi
961 2166 1072 2217 consilii
1086 2167 1287 2231 temptationes

72 2262 144 2311 mas,
155 2247 304 2314 passiones
320 2248 408 2300 animi
424 2247 471 2300 vel
487 2262 618 2301 excessus
638 2248 723 2316 dicat,
736 2249 786 2300 aut
801 2249 925 2314 exponat
945 2248 1030 2300 alicui
1048 2262 1104 2300 non
1128 2250 1288 2302 sacerdotii

97 2331 183 2394 Item,
208 2332 305 2382 utrum
324 2329 394 2383 licet
412 2331 453 2382 sie
470 2329 553 2383 simtu
574 2329 769 2384 cohabitantes
788 2344 819 2383 se
842 2331 962 2383 invicem
985 2330 1030 2383 vel
1050 2329 1121 2383 alios
1140 2332 1287 2385 caritative

76 2413 216 2479 corripere
227 2414 257 2465 et
265 2413 438 2466 admoneret

98 2495 142 2550 sd
161 2495 287 2561 primum
306 2495 410 2548 horum
425 2496 622 2562 respondetur,
633 2497 708 2560 quod
725 2495 813 2548 bonas
834 2495 1027 2548 observantias
1050 2496 1079 2548 et
1096 2495 1284 2561 particulares

77 2578 288 2630 eonsuetudines
306 2578 416 2643 possint
435 2577 519 2630 simul
539 2578 616 2630 licite
637 2579 788 2631 observare
805 2593 838 2631 ac
861 2579 947 2630 etiam
967 2579 1111 2640 ordinare,
1133 2579 1284 2631 dnmmodo

76 2658 138 2712 alias
147 2673 206 2711 non
214 2660 273 2711 sint
280 2659 451 2725 prohibitae.
463 2660 509 2713 Ita
520 2661 596 2712 enim
607 2660 728 2725 quilibet
743 2662 837 2726 potest
848 2662 947 2712 domus
959 2661 1089 2712 dominus
1101 2674 1151 2713 seu
1163 2661 1284 2725 pateria-

74 2741 169 2809 milias,
178 2743 210 2794 in
222 2756 273 2795 sua
284 2743 367 2794 domo
379 2744 409 2795 et
417 2741 536 2808 familia,
548 2744 702 2795 secundum
714 2744 789 2806 quod
801 2743 828 2795 ei
845 2744 987 2809 congruit,
1000 2757 1052 2808 pro
1065 2757 1115 2794 suo
1133 2743 1226 2794 officio
1238 2743 1284 2796 vel

73 2825 203 2876 exercitio
220 2825 357 2889 quasdam
367 2824 554 2891 particulares
577 2826 794 2877 consuetudines
810 2823 855 2877 vel
873 2825 1066 2877 observantias
1084 2824 1226 2877 ordinare.
1239 2826 1283 2877 Ad

70 2902 203 2959 bocenim
212 2908 382 2973 potestatem
401 2907 508 2959 habent
518 2908 548 2960 u.
559 2908 594 2959 de
613 2908 725 2960 verbor.
744 2908 839 2974 signit
852 2907 875 2959 1.
889 2907 1124 2971 Pronuntiatios.
1135 2907 1282 2962 Familiae.

68 2986 105 3038 Et
116 2987 254 3042 hocidem
270 2990 340 3042 dicit
359 2991 392 3042 B.
406 2988 529 3042 Thomas
550 2990 581 3041 in
603 2991 696 3056 prima
718 2991 857 3042 secundae
880 2990 932 3050 Qu.
953 2989 1026 3042 xc1.
1037 2990 1098 3043 art.
1107 2989 1132 3039 3.
1150 2989 1196 3041 Sic
1205 2990 1281 3041 enim

67 3064 153 3123 habet
161 3072 312 3137 disponere
330 3072 360 3124 in
373 3073 455 3125 domo
476 3072 606 3123 dominus
618 3074 717 3124 domus
737 3086 787 3123 suo
807 3073 901 3133 modo,
919 3072 992 3123 sicut
1000 3085 1052 3124 rex
1061 3072 1090 3122 in
1100 3085 1200 3137 regno,
1213 3073 1282 3123 dicit

67 3147 196 3219 Thomas,
207 3154 337 3215 Quodlib.
350 3154 396 3210 VI.
407 3169 456 3220 qu.
466 3153 506 3205 ll.
516 3154 599 3206 Unde
611 3155 682 3206 tales
699 3154 823 3219 privatas
840 3154 1058 3206 consuetudines
1067 3153 1280 3218 patrisiamilias

67 3226 201 3288 Ostiensis
212 3236 376 3298 inSumma,
389 3236 445 3289 I’it.
459 3238 494 3288 de
504 3238 697 3300 consuetud.§
719 3235 768 3287 vlt.
779 3238 808 3288 et
818 3235 884 3288 lob.
898 3235 1069 3289 Andreaein
1081 3234 1226 3287 Summula
1244 3237 1280 3288 de

68 3318 276 3380 consuetudine,
287 3321 390 3370 vocant
400 3319 618 3371 consuetudines
634 3318 789 3384 speciales:
806 3319 960 3383 praecipue
977 3320 1072 3370 autem
1083 3317 1108 3369 si
1129 3317 1280 3370 constitue·

68 3390 127 3449 rint
136 3399 284 3468 collegium
293 3392 403 3452 licitum¹
414 3402 443 3453 et
454 3401 633 3467 permissum,
653 3402 726 3453 sicut
735 3402 842 3452 dictum
853 3402 906 3452 est.
916 3400 959 3452 Ex
969 3400 1036 3452 tunc
1046 3401 1163 3465 possent
1174 3401 1280 3452 statuta

38 3475 43 3485 ”
72 3472 194 3535 ίιῑῢειειιι
210 3483 427 3535 constitutiones
440 3497 525 3549 super
535 3482 588 3546 his,
601 3496 673 3547 quae
691 3483 726 3534 ad
738 3496 837 3535 eorum
849 3483 974 3534 officium
985 3482 1139 3547 pertinent,
1153 3482 1185 3533 ut
1196 3481 1214 3533 l.
1228 3480 1278 3534 vlt.

74 3566 96 3605 ι·
106 3561 138 3616 de
147 3565 213 3629 ino.,
226 3565 378 3617 dummodo
396 3564 474 3617 nulla
485 3566 618 3618 ordinent
629 3565 672 3617 vel
690 3566 825 3631 statuant,
836 3578 890 3630 per
901 3578 973 3628 quae
985 3564 1048 3616 aliis
1057 3564 1278 3628 praeiudicatur.

78 3635 103 3688 0·
111 3645 140 3699 de
147 3645 325 3713 monopoliis,
331 3647 361 3702 L.
369 3647 393 3700 1.
403 3648 554 3700 Praedicta
563 3651 658 3700 autem
670 3649 807 3712 temporis
819 3647 918 3698 divisio
931 3646 1009 3698 utilis
1019 3649 1063 3698 est
1073 3648 1103 3698 et
1114 3647 1276 3711 expediens.

10 3736 24 3785 t
79 3715 141 3780 ulde
151 3729 326 3796 Augvrstinus
337 3731 367 3782 in
378 3729 452 3782 libro
470 3731 505 3782 de
522 3744 609 3796 opere
622 3729 842 3782 Monachorum:
864 3727 979 3795 Optima
996 3729 1039 3781 est
1054 3728 1234 3795 gubernatio,
1246 3728 1278 3780 ut

10 3790 18 3863 l
81 3811 223 3864 ominus
235 3813 410 3878 temporibus
430 3813 581 3866 distributa
600 3815 738 3880 gerantur
754 3826 790 3864 ex
808 3812 918 3877 ordine,
939 3825 975 3865 ne
984 3811 1071 3864 animi
1088 3810 1277 3863 humanorum

10 3866 20 3999 ξ
80 3886 229 3946 munientis
240 3893 482 3960 implicationibus
492 3894 612 3947 Involuti
624 3895 836 3960 perturbentur.

10 4004 16 4043 ς
101 3975 135 4028 ld
143 3975 219 4028 aliud
232 3976 345 4030 dicitur.
356 3977 446 4041 Quod,
456 3975 524 4030 licet
537 3979 676 4030 confessio
686 3975 908 4040 sacramentalis,
925 3991 981 4042 qua
994 3976 1031 4028 sit
1043 3977 1175 4042 respectu
1189 3974 1277 4029 eccle·

10 4054 12 4059 '
74 4054 120 4110 siae
129 4058 325 4111 reconciliatio
334 4073 384 4112 seu
393 4073 445 4126 per
457 4059 549 4112 claves
558 4060 698 4112 absolutio
707 4062 738 4112 et
748 4061 940 4127 poenitentiae
952 4060 1101 4125 iniunctio,
1111 4058 1202 4111 solum
1213 4059 1277 4111 tieri

10 4132 15 4191 ’ξ
72 4140 159 4195 debeat
180 4142 322 4195 sacerdoti
340 4141 433 4197 claves
452 4144 483 4196 et
497 4143 710 4208 juridictionem
730 4142 856 4208 babenti,
869 4141 951 4198 Extr.
964 4142 1000 4195 de
1016 4143 1104 4208 penit.
1123 4143 1154 4196 et
1172 4155 1214 4195 re.
1235 4142 1278 4207 0.,
