<?xml version="1.0" encoding="UTF-8"?>
<!DOCTYPE html PUBLIC "-//W3C//DTD XHTML 1.0 Transitional//EN"
    "http://www.w3.org/TR/xhtml1/DTD/xhtml1-transitional.dtd">
<html xmlns="http://www.w3.org/1999/xhtml" xml:lang="en" lang="en">
 <head>
  <title>
</title>
<meta http-equiv="Content-Type" content="text/html;charset=utf-8" />
  <meta name='ocr-system' content='tesseract 3.04.00' />
  <meta name='ocr-capabilities' content='ocr_page ocr_carea ocr_par ocr_line ocrx_word'/>
</head>
<body>
  <div class='ocr_page' id='page_1' title='image "./corpusdocumento00frgoog_0109.png"; bbox 0 0 3188 5340; ppageno 0'>
   <div class='ocr_carea' id='block_1_1' title="bbox 326 484 1029 542">
    <p class='ocr_par' dir='ltr' id='par_1_1' title="bbox 326 484 1029 542">
     <span class='ocr_line' id='line_1_1' title="bbox 326 484 1029 542; baseline -0.007 -2"><span class='ocrx_word' id='word_1_1' title='bbox 326 489 360 540; x_wconf 78' lang='lat'><strong>7⁸</strong></span> <span class='ocrx_word' id='word_1_2' title='bbox 841 486 945 542; x_wconf 81' lang='lat' dir='ltr'>ANNO</span> <span class='ocrx_word' id='word_1_3' title='bbox 963 484 1029 537; x_wconf 77' lang='lat'>1319</span> 
     </span>
    </p>
   </div>
   <div class='ocr_carea' id='block_1_2' title="bbox 325 648 1538 829">
    <p class='ocr_par' dir='ltr' id='par_1_2' title="bbox 325 648 1538 829">
     <span class='ocr_line' id='line_1_2' title="bbox 326 648 1538 742; baseline -0.004 -21"><span class='ocrx_word' id='word_1_4' title='bbox 326 657 395 724; x_wconf 90' lang='lat' dir='ltr'><strong>nist</strong></span> <span class='ocrx_word' id='word_1_5' title='bbox 411 676 501 723; x_wconf 86' lang='lat' dir='ltr'><strong>mser</strong></span> <span class='ocrx_word' id='word_1_6' title='bbox 515 675 632 742; x_wconf 82' lang='lat' dir='ltr'><strong>mogon</strong></span> <span class='ocrx_word' id='word_1_7' title='bbox 649 658 881 722; x_wconf 86' lang='lat' dir='ltr'><strong>verontrnsten</strong></span> <span class='ocrx_word' id='word_1_8' title='bbox 905 655 990 721; x_wconf 88' lang='lat' dir='ltr'><strong>noch</strong></span> <span class='ocrx_word' id='word_1_9' title='bbox 1013 654 1132 721; x_wconf 88' lang='lat' dir='ltr'><strong>dulden</strong></span> <span class='ocrx_word' id='word_1_10' title='bbox 1156 653 1212 722; x_wconf 91' lang='lat' dir='ltr'><strong>dat</strong></span> <span class='ocrx_word' id='word_1_11' title='bbox 1236 653 1276 742; x_wconf 79' lang='lat' dir='ltr'><strong>zi]</strong></span> <span class='ocrx_word' id='word_1_12' title='bbox 1301 653 1384 720; x_wconf 91' lang='lat' dir='ltr'><strong>door</strong></span> <span class='ocrx_word' id='word_1_13' title='bbox 1405 648 1538 719; x_wconf 78' lang='lat' dir='ltr'>anderen</span> 
     </span>
     <span class='ocr_line' id='line_1_3' title="bbox 325 759 681 829; baseline 0.008 -3"><span class='ocrx_word' id='word_1_14' title='bbox 325 763 519 827; x_wconf 81' lang='lat' dir='ltr'><strong>verontrust</strong></span> <span class='ocrx_word' id='word_1_15' title='bbox 534 759 681 829; x_wconf 83' lang='lat' dir='ltr'><strong>worden.</strong></span> 
     </span>
    </p>
   </div>
   <div class='ocr_carea' id='block_1_3' title="bbox 325 890 1571 3359">
    <p class='ocr_par' dir='ltr' id='par_1_3' title="bbox 327 890 1544 1129">
     <span class='ocr_line' id='line_1_4' title="bbox 359 890 1542 965; baseline 0.002 -21"><span class='ocrx_word' id='word_1_16' title='bbox 359 893 577 948; x_wconf 75' lang='lat' dir='ltr'><strong>venerabilibus</strong></span> <span class='ocrx_word' id='word_1_17' title='bbox 594 894 732 946; x_wconf 71' lang='lat' dir='ltr'><strong>matribus</strong></span> <span class='ocrx_word' id='word_1_18' title='bbox 749 893 930 962; x_wconf 80' lang='lat' dir='ltr'><strong>patriarchis,</strong></span> <span class='ocrx_word' id='word_1_19' title='bbox 943 894 1165 963; x_wconf 79' lang='lat' dir='ltr'><strong>archiepiscopis</strong></span> <span class='ocrx_word' id='word_1_20' title='bbox 1182 898 1212 950; x_wconf 87' lang='lat' dir='ltr'><strong>et</strong></span> <span class='ocrx_word' id='word_1_21' title='bbox 1228 896 1380 965; x_wconf 88' lang='lat' dir='ltr'><strong>episcopis,</strong></span> <span class='ocrx_word' id='word_1_22' title='bbox 1398 907 1433 947; x_wconf 84' lang='lat' dir='ltr'><strong>ac</strong></span> <span class='ocrx_word' id='word_1_23' title='bbox 1443 890 1542 946; x_wconf 77' lang='lat' dir='ltr'><strong>dileolls</strong></span> 
     </span>
     <span class='ocr_line' id='line_1_5' title="bbox 328 975 1544 1045; baseline -0.001 -15"><span class='ocrx_word' id='word_1_24' title='bbox 328 977 396 1030; x_wconf 84' lang='lat' dir='ltr'><strong>filiis</strong></span> <span class='ocrx_word' id='word_1_25' title='bbox 414 977 521 1041; x_wconf 89' lang='lat' dir='ltr'><strong>electis,</strong></span> <span class='ocrx_word' id='word_1_26' title='bbox 549 979 708 1042; x_wconf 84' lang='lat' dir='ltr'><strong>abbatibus,</strong></span> <span class='ocrx_word' id='word_1_27' title='bbox 734 979 888 1045; x_wconf 82' lang='lat' dir='ltr'><strong>prioribus,</strong></span> <span class='ocrx_word' id='word_1_28' title='bbox 906 979 1031 1044; x_wconf 89' lang='lat' dir='ltr'><strong>decanis,</strong></span> <span class='ocrx_word' id='word_1_29' title='bbox 1053 979 1269 1044; x_wconf 82' lang='lat' dir='ltr'><strong>archidiaconis,</strong></span> <span class='ocrx_word' id='word_1_30' title='bbox 1297 975 1544 1045; x_wconf 75' lang='lat' dir='ltr'><strong>archipresbyteris</strong></span> 
     </span>
     <span class='ocr_line' id='line_1_6' title="bbox 327 1061 994 1129; baseline 0.001 -15"><span class='ocrx_word' id='word_1_31' title='bbox 327 1061 448 1127; x_wconf 88' lang='lat' dir='ltr'><strong>aliisque</strong></span> <span class='ocrx_word' id='word_1_32' title='bbox 460 1061 579 1129; x_wconf 85' lang='lat' dir='ltr'><strong>prelatis</strong></span> <span class='ocrx_word' id='word_1_33' title='bbox 589 1064 619 1115; x_wconf 90' lang='lat' dir='ltr'><strong>et</strong></span> <span class='ocrx_word' id='word_1_34' title='bbox 630 1063 790 1115; x_wconf 87' lang='lat' dir='ltr'><strong>rectoribus</strong></span> <span class='ocrx_word' id='word_1_35' title='bbox 801 1062 994 1116; x_wconf 82' lang='lat' dir='ltr'><strong>eeclesiarum.</strong></span> 
     </span>
    </p>

    <p class='ocr_par' dir='ltr' id='par_1_4' title="bbox 359 1145 628 1212">
     <span class='ocr_line' id='line_1_7' title="bbox 359 1145 628 1212; baseline 0.004 -14"><span class='ocrx_word' id='word_1_36' title='bbox 359 1146 421 1198; x_wconf 83' lang='lat' dir='ltr'><strong>Etsi</strong></span> <span class='ocrx_word' id='word_1_37' title='bbox 433 1145 628 1212; x_wconf 73' lang='lat' dir='ltr'><strong>apostolice...</strong></span> 
     </span>
    </p>

    <p class='ocr_par' dir='ltr' id='par_1_5' title="bbox 325 1225 1571 3280">
     <span class='ocr_line' id='line_1_8' title="bbox 360 1225 1545 1297; baseline -0.005 -15"><span class='ocrx_word' id='word_1_38' title='bbox 360 1230 434 1282; x_wconf 85' lang='lat' dir='ltr'><strong>Sane</strong></span> <span class='ocrx_word' id='word_1_39' title='bbox 452 1229 549 1281; x_wconf 88' lang='lat' dir='ltr'><strong>dilecti</strong></span> <span class='ocrx_word' id='word_1_40' title='bbox 570 1229 624 1281; x_wconf 83' lang='lat' dir='ltr'><strong>dlii</strong></span> <span class='ocrx_word' id='word_1_41' title='bbox 648 1229 780 1282; x_wconf 80' lang='lat' dir='ltr'><strong>minister</strong></span> <span class='ocrx_word' id='word_1_42' title='bbox 796 1232 826 1281; x_wconf 86' lang='lat' dir='ltr'><strong>et</strong></span> <span class='ocrx_word' id='word_1_43' title='bbox 844 1231 948 1282; x_wconf 79' lang='lat' dir='ltr'><strong>iratres</strong></span> <span class='ocrx_word' id='word_1_44' title='bbox 968 1231 1076 1282; x_wconf 82' lang='lat' dir='ltr'><strong>ordinis</strong></span> <span class='ocrx_word' id='word_1_45' title='bbox 1097 1231 1240 1283; x_wconf 89' lang='lat' dir='ltr'><strong>Minorum</strong></span> <span class='ocrx_word' id='word_1_46' title='bbox 1256 1242 1349 1297; x_wconf 88' lang='lat' dir='ltr'><strong>nuper</strong></span> <span class='ocrx_word' id='word_1_47' title='bbox 1364 1229 1396 1280; x_wconf 92' lang='lat' dir='ltr'><strong>in</strong></span> <span class='ocrx_word' id='word_1_48' title='bbox 1407 1225 1545 1280; x_wconf 76' lang='lat' dir='ltr'><strong>nostrast</strong></span> 
     </span>
     <span class='ocr_line' id='line_1_9' title="bbox 325 1309 1547 1379; baseline -0.004 -16"><span class='ocrx_word' id='word_1_49' title='bbox 325 1313 451 1364; x_wconf 76' lang='lat' dir='ltr'><strong>fratrum</strong></span> <span class='ocrx_word' id='word_1_50' title='bbox 464 1313 627 1364; x_wconf 89' lang='lat' dir='ltr'><strong>nostrorum</strong></span> <span class='ocrx_word' id='word_1_51' title='bbox 636 1313 885 1378; x_wconf 80' lang='lat' dir='ltr'><strong>presentiareoere</strong></span> <span class='ocrx_word' id='word_1_52' title='bbox 897 1314 1028 1378; x_wconf 90' lang='lat' dir='ltr'><strong>proponi,</strong></span> <span class='ocrx_word' id='word_1_53' title='bbox 1043 1314 1118 1378; x_wconf 92' lang='lat' dir='ltr'><strong>quod</strong></span> <span class='ocrx_word' id='word_1_54' title='bbox 1130 1312 1261 1366; x_wconf 90' lang='lat' dir='ltr'><strong>nunnnlli</strong></span> <span class='ocrx_word' id='word_1_55' title='bbox 1272 1312 1377 1379; x_wconf 79' lang='lat' dir='ltr'><strong>prelati</strong></span> <span class='ocrx_word' id='word_1_56' title='bbox 1389 1312 1421 1363; x_wconf 86' lang='lat' dir='ltr'><strong>et</strong></span> <span class='ocrx_word' id='word_1_57' title='bbox 1431 1309 1547 1361; x_wconf 78' lang='lat' dir='ltr'><strong>rectores</strong></span> 
     </span>
     <span class='ocr_line' id='line_1_10' title="bbox 327 1390 1547 1462; baseline -0.002 -15"><span class='ocrx_word' id='word_1_58' title='bbox 327 1393 524 1458; x_wconf 87' lang='lat' dir='ltr'><strong>ecclesiarum,</strong></span> <span class='ocrx_word' id='word_1_59' title='bbox 545 1396 691 1447; x_wconf 85' lang='lat' dir='ltr'><strong>civitatum</strong></span> <span class='ocrx_word' id='word_1_60' title='bbox 703 1396 733 1447; x_wconf 92' lang='lat' dir='ltr'><strong>et</strong></span> <span class='ocrx_word' id='word_1_61' title='bbox 755 1395 917 1461; x_wconf 82' lang='lat' dir='ltr'><strong>dyocesium</strong></span> <span class='ocrx_word' id='word_1_62' title='bbox 939 1395 1125 1458; x_wconf 84' lang='lat' dir='ltr'><strong>diversarum,</strong></span> <span class='ocrx_word' id='word_1_63' title='bbox 1146 1397 1316 1462; x_wconf 83' lang='lat' dir='ltr'><strong>praesertim</strong></span> <span class='ocrx_word' id='word_1_64' title='bbox 1338 1395 1369 1446; x_wconf 91' lang='lat' dir='ltr'><strong>in</strong></span> <span class='ocrx_word' id='word_1_65' title='bbox 1389 1390 1547 1448; x_wconf 67' lang='lat' dir='ltr'><strong>hismenias</strong></span> 
     </span>
     <span class='ocr_line' id='line_1_11' title="bbox 327 1475 1546 1544; baseline -0.004 -15"><span class='ocrx_word' id='word_1_66' title='bbox 327 1477 456 1543; x_wconf 87' lang='lat' dir='ltr'><strong>partibus</strong></span> <span class='ocrx_word' id='word_1_67' title='bbox 467 1477 624 1542; x_wconf 88' lang='lat' dir='ltr'><strong>constituti,</strong></span> <span class='ocrx_word' id='word_1_68' title='bbox 645 1477 886 1540; x_wconf 89' lang='lat' dir='ltr'><strong>constitutionem,</strong></span> <span class='ocrx_word' id='word_1_69' title='bbox 904 1491 957 1544; x_wconf 89' lang='lat' dir='ltr'><strong>per</strong></span> <span class='ocrx_word' id='word_1_70' title='bbox 974 1493 1058 1543; x_wconf 86' lang='lat' dir='ltr'><strong>quam</strong></span> <span class='ocrx_word' id='word_1_71' title='bbox 1075 1479 1124 1531; x_wconf 81' lang='lat' dir='ltr'><strong>iel.</strong></span> <span class='ocrx_word' id='word_1_72' title='bbox 1142 1492 1201 1531; x_wconf 89' lang='lat' dir='ltr'><strong>reo.</strong></span> <span class='ocrx_word' id='word_1_73' title='bbox 1223 1477 1354 1532; x_wconf 84' lang='lat' dir='ltr'><strong>Clemens</strong></span> <span class='ocrx_word' id='word_1_74' title='bbox 1365 1489 1441 1544; x_wconf 84' lang='lat' dir='ltr'><strong>papa</strong></span> <span class='ocrx_word' id='word_1_75' title='bbox 1451 1475 1476 1525; x_wconf 84' lang='lat' dir='ltr'><strong>V</strong></span> <span class='ocrx_word' id='word_1_76' title='bbox 1487 1486 1546 1537; x_wconf 87' lang='lat' dir='ltr'><strong>qna-</strong></span> 
     </span>
     <span class='ocr_line' id='line_1_12' title="bbox 327 1559 1547 1635; baseline -0.002 -24"><span class='ocrx_word' id='word_1_77' title='bbox 327 1561 448 1612; x_wconf 89' lang='lat' dir='ltr'><strong>rundam</strong></span> <span class='ocrx_word' id='word_1_78' title='bbox 459 1559 622 1622; x_wconf 86' lang='lat' dir='ltr'><strong>mulierum,</strong></span> <span class='ocrx_word' id='word_1_79' title='bbox 630 1574 685 1624; x_wconf 87' lang='lat' dir='ltr'><strong>que</strong></span> <span class='ocrx_word' id='word_1_80' title='bbox 694 1559 853 1627; x_wconf 76' lang='lat' dir='ltr'><strong>vulgariter</strong></span> <span class='ocrx_word' id='word_1_81' title='bbox 861 1564 1060 1627; x_wconf 86' lang='lat' dir='ltr'><strong>nuncupantur</strong></span> <span class='ocrx_word' id='word_1_82' title='bbox 1071 1561 1270 1628; x_wconf 84' lang='lat' dir='ltr'><strong>Beguine,qne</strong></span> <span class='ocrx_word' id='word_1_83' title='bbox 1279 1576 1336 1635; x_wconf 87' lang='lat' dir='ltr'><strong>non</strong></span> <span class='ocrx_word' id='word_1_84' title='bbox 1344 1559 1547 1626; x_wconf 75' lang='lat' dir='ltr'><strong>profitebantur</strong></span> 
     </span>
     <span class='ocr_line' id='line_1_13' title="bbox 328 1641 1550 1711; baseline -0.002 -17"><span class='ocrx_word' id='word_1_85' title='bbox 328 1641 453 1707; x_wconf 85' lang='lat' dir='ltr'><strong>aliquam</strong></span> <span class='ocrx_word' id='word_1_86' title='bbox 465 1643 605 1709; x_wconf 78' lang='lat' dir='ltr'><strong>regulam,</strong></span> <span class='ocrx_word' id='word_1_87' title='bbox 619 1645 805 1709; x_wconf 79' lang='lat' dir='ltr'><strong>approbatum</strong></span> <span class='ocrx_word' id='word_1_88' title='bbox 817 1647 922 1696; x_wconf 85' lang='lat' dir='ltr'><strong>statum</strong></span> <span class='ocrx_word' id='word_1_89' title='bbox 923 1681 975 1708; x_wconf 84' lang='lat'><strong>.....</strong></span> <span class='ocrx_word' id='word_1_90' title='bbox 987 1647 1126 1710; x_wconf 86' lang='lat' dir='ltr'><strong>perpetuo</strong></span> <span class='ocrx_word' id='word_1_91' title='bbox 1133 1644 1290 1711; x_wconf 86' lang='lat' dir='ltr'><strong>prohibuit,</strong></span> <span class='ocrx_word' id='word_1_92' title='bbox 1302 1644 1338 1696; x_wconf 87' lang='lat' dir='ltr'><strong>ad</strong></span> <span class='ocrx_word' id='word_1_93' title='bbox 1349 1644 1442 1694; x_wconf 88' lang='lat' dir='ltr'><strong>dictos</strong></span> <span class='ocrx_word' id='word_1_94' title='bbox 1450 1642 1550 1692; x_wconf 78' lang='lat' dir='ltr'><strong>hahes</strong></span> 
     </span>
     <span class='ocr_line' id='line_1_14' title="bbox 327 1724 1551 1791; baseline -0.006 -13"><span class='ocrx_word' id='word_1_95' title='bbox 327 1726 358 1778; x_wconf 89' lang='lat' dir='ltr'><strong>et</strong></span> <span class='ocrx_word' id='word_1_96' title='bbox 368 1738 481 1777; x_wconf 85' lang='lat' dir='ltr'><strong>sorores</strong></span> <span class='ocrx_word' id='word_1_97' title='bbox 493 1726 529 1778; x_wconf 90' lang='lat' dir='ltr'><strong>de</strong></span> <span class='ocrx_word' id='word_1_98' title='bbox 544 1727 703 1791; x_wconf 85' lang='lat' dir='ltr'><strong>penitentia</strong></span> <span class='ocrx_word' id='word_1_99' title='bbox 714 1726 785 1791; x_wconf 89' lang='lat' dir='ltr'><strong>(scil.</strong></span> <span class='ocrx_word' id='word_1_100' title='bbox 807 1727 887 1778; x_wconf 88' lang='lat' dir='ltr'><strong>tertii</strong></span> <span class='ocrx_word' id='word_1_101' title='bbox 907 1727 1016 1778; x_wconf 87' lang='lat' dir='ltr'><strong>ordinis</strong></span> <span class='ocrx_word' id='word_1_102' title='bbox 1034 1727 1110 1778; x_wconf 90' lang='lat' dir='ltr'><strong>beati</strong></span> <span class='ocrx_word' id='word_1_103' title='bbox 1128 1725 1283 1789; x_wconf 76' lang='lat' dir='ltr'><strong>Francisei)</strong></span> <span class='ocrx_word' id='word_1_104' title='bbox 1294 1736 1448 1791; x_wconf 76' lang='lat' dir='ltr'><strong>perperam</strong></span> <span class='ocrx_word' id='word_1_105' title='bbox 1458 1724 1551 1774; x_wconf 86' lang='lat' dir='ltr'><strong>exten·</strong></span> 
     </span>
     <span class='ocr_line' id='line_1_15' title="bbox 328 1804 1558 1875; baseline -0.004 -17"><span class='ocrx_word' id='word_1_106' title='bbox 328 1807 397 1859; x_wconf 87' lang='lat' dir='ltr'><strong>dere</strong></span> <span class='ocrx_word' id='word_1_107' title='bbox 414 1809 603 1870; x_wconf 90' lang='lat' dir='ltr'><strong>intendentes,</strong></span> <span class='ocrx_word' id='word_1_108' title='bbox 617 1811 732 1862; x_wconf 89' lang='lat' dir='ltr'><strong>eosdem</strong></span> <span class='ocrx_word' id='word_1_109' title='bbox 753 1810 856 1862; x_wconf 84' lang='lat' dir='ltr'><strong>fratres</strong></span> <span class='ocrx_word' id='word_1_110' title='bbox 878 1812 907 1861; x_wconf 90' lang='lat' dir='ltr'><strong>et</strong></span> <span class='ocrx_word' id='word_1_111' title='bbox 930 1823 1043 1861; x_wconf 87' lang='lat' dir='ltr'><strong>sorores</strong></span> <span class='ocrx_word' id='word_1_112' title='bbox 1063 1810 1099 1862; x_wconf 90' lang='lat' dir='ltr'><strong>de</strong></span> <span class='ocrx_word' id='word_1_113' title='bbox 1118 1809 1276 1875; x_wconf 86' lang='lat' dir='ltr'><strong>penitentia</strong></span> <span class='ocrx_word' id='word_1_114' title='bbox 1297 1808 1332 1860; x_wconf 89' lang='lat' dir='ltr'><strong>ad</strong></span> <span class='ocrx_word' id='word_1_115' title='bbox 1353 1804 1558 1858; x_wconf 83' lang='lat' dir='ltr'><strong>dimittendum</strong></span> 
     </span>
     <span class='ocr_line' id='line_1_16' title="bbox 327 1885 1557 1959; baseline -0.005 -18"><span class='ocrx_word' id='word_1_116' title='bbox 327 1889 457 1943; x_wconf 88' lang='lat' dir='ltr'><strong>habitum</strong></span> <span class='ocrx_word' id='word_1_117' title='bbox 469 1894 553 1955; x_wconf 77' lang='lat' dir='ltr'><strong>atque</strong></span> <span class='ocrx_word' id='word_1_118' title='bbox 570 1893 675 1942; x_wconf 87' lang='lat' dir='ltr'><strong>statum</strong></span> <span class='ocrx_word' id='word_1_119' title='bbox 696 1891 858 1944; x_wconf 90' lang='lat' dir='ltr'><strong>huiusmodi</strong></span> <span class='ocrx_word' id='word_1_120' title='bbox 878 1892 980 1959; x_wconf 84' lang='lat' dir='ltr'><strong>regule</strong></span> <span class='ocrx_word' id='word_1_121' title='bbox 999 1894 1127 1958; x_wconf 89' lang='lat' dir='ltr'><strong>ipsorum</strong></span> <span class='ocrx_word' id='word_1_122' title='bbox 1143 1905 1196 1958; x_wconf 87' lang='lat' dir='ltr'><strong>por</strong></span> <span class='ocrx_word' id='word_1_123' title='bbox 1207 1888 1509 1943; x_wconf 85' lang='lat' dir='ltr'><strong>excommunicationis</strong></span> <span class='ocrx_word' id='word_1_124' title='bbox 1525 1885 1557 1936; x_wconf 89' lang='lat' dir='ltr'><strong>et</strong></span> 
     </span>
     <span class='ocr_line' id='line_1_17' title="bbox 326 1969 1562 2042; baseline -0.006 -15"><span class='ocrx_word' id='word_1_125' title='bbox 326 1976 471 2028; x_wconf 79' lang='lat' dir='ltr'><strong>interdicti</strong></span> <span class='ocrx_word' id='word_1_126' title='bbox 489 1977 645 2027; x_wconf 86' lang='lat' dir='ltr'><strong>sententias</strong></span> <span class='ocrx_word' id='word_1_127' title='bbox 662 1975 790 2039; x_wconf 84' lang='lat' dir='ltr'><strong>aliasque</strong></span> <span class='ocrx_word' id='word_1_128' title='bbox 808 1969 896 2042; x_wconf 81' lang='lat' dir='ltr'><strong>penas</strong></span> <span class='ocrx_word' id='word_1_129' title='bbox 917 1976 1043 2028; x_wconf 88' lang='lat' dir='ltr'><strong>indebite</strong></span> <span class='ocrx_word' id='word_1_130' title='bbox 1063 1977 1157 2028; x_wconf 87' lang='lat' dir='ltr'><strong>conati</strong></span> <span class='ocrx_word' id='word_1_131' title='bbox 1169 1977 1236 2027; x_wconf 89' lang='lat' dir='ltr'><strong>sunt</strong></span> <span class='ocrx_word' id='word_1_132' title='bbox 1255 1975 1285 2026; x_wconf 92' lang='lat' dir='ltr'><strong>et</strong></span> <span class='ocrx_word' id='word_1_133' title='bbox 1295 1975 1437 2025; x_wconf 83' lang='lat' dir='ltr'><strong>conantur</strong></span> <span class='ocrx_word' id='word_1_134' title='bbox 1447 1971 1562 2036; x_wconf 78' lang='lat' dir='ltr'><strong>iugiter·</strong></span> 
     </span>
     <span class='ocr_line' id='line_1_18' title="bbox 326 2053 1559 2124; baseline -0.006 -15"><span class='ocrx_word' id='word_1_135' title='bbox 326 2060 456 2109; x_wconf 84' lang='lat' dir='ltr'><strong>coartare</strong></span> <span class='ocrx_word' id='word_1_136' title='bbox 464 2059 495 2108; x_wconf 90' lang='lat' dir='ltr'><strong>in</strong></span> <span class='ocrx_word' id='word_1_137' title='bbox 504 2058 580 2122; x_wconf 91' lang='lat' dir='ltr'><strong>ipsos</strong></span> <span class='ocrx_word' id='word_1_138' title='bbox 591 2058 696 2110; x_wconf 80' lang='lat' dir='ltr'><strong>iratres</strong></span> <span class='ocrx_word' id='word_1_139' title='bbox 705 2060 734 2109; x_wconf 88' lang='lat' dir='ltr'><strong>et</strong></span> <span class='ocrx_word' id='word_1_140' title='bbox 746 2072 859 2111; x_wconf 90' lang='lat' dir='ltr'><strong>sorores</strong></span> <span class='ocrx_word' id='word_1_141' title='bbox 871 2073 923 2124; x_wconf 90' lang='lat' dir='ltr'><strong>pro</strong></span> <span class='ocrx_word' id='word_1_142' title='bbox 936 2072 981 2120; x_wconf 88' lang='lat' dir='ltr'><strong>eo,</strong></span> <span class='ocrx_word' id='word_1_143' title='bbox 994 2058 1069 2122; x_wconf 91' lang='lat' dir='ltr'><strong>quod</strong></span> <span class='ocrx_word' id='word_1_144' title='bbox 1085 2059 1116 2110; x_wconf 88' lang='lat' dir='ltr'><strong>in</strong></span> <span class='ocrx_word' id='word_1_145' title='bbox 1128 2057 1185 2109; x_wconf 88' lang='lat' dir='ltr'><strong>hiis</strong></span> <span class='ocrx_word' id='word_1_146' title='bbox 1202 2070 1259 2108; x_wconf 91' lang='lat' dir='ltr'><strong>non</strong></span> <span class='ocrx_word' id='word_1_147' title='bbox 1270 2057 1429 2121; x_wconf 88' lang='lat' dir='ltr'><strong>paruerunt</strong></span> <span class='ocrx_word' id='word_1_148' title='bbox 1436 2053 1559 2104; x_wconf 85' lang='lat' dir='ltr'><strong>eisdem.</strong></span> 
     </span>
     <span class='ocr_line' id='line_1_19' title="bbox 327 2137 1564 2207; baseline -0.002 -17"><span class='ocrx_word' id='word_1_149' title='bbox 327 2140 506 2191; x_wconf 79' lang='lat' dir='ltr'><strong>pretendunt</strong></span> <span class='ocrx_word' id='word_1_150' title='bbox 525 2153 638 2204; x_wconf 88' lang='lat' dir='ltr'><strong>quoque</strong></span> <span class='ocrx_word' id='word_1_151' title='bbox 659 2141 746 2192; x_wconf 85' lang='lat' dir='ltr'><strong>iidem</strong></span> <span class='ocrx_word' id='word_1_152' title='bbox 766 2141 868 2207; x_wconf 86' lang='lat' dir='ltr'><strong>prelati</strong></span> <span class='ocrx_word' id='word_1_153' title='bbox 881 2143 911 2192; x_wconf 89' lang='lat' dir='ltr'><strong>et</strong></span> <span class='ocrx_word' id='word_1_154' title='bbox 930 2143 1056 2193; x_wconf 88' lang='lat' dir='ltr'><strong>rectores</strong></span> <span class='ocrx_word' id='word_1_155' title='bbox 1074 2140 1330 2201; x_wconf 83' lang='lat' dir='ltr'><strong>minusversciter,</strong></span> <span class='ocrx_word' id='word_1_156' title='bbox 1342 2137 1434 2189; x_wconf 86' lang='lat' dir='ltr'><strong>dictos</strong></span> <span class='ocrx_word' id='word_1_157' title='bbox 1451 2137 1564 2187; x_wconf 71' lang='lat' dir='ltr'><strong>hahes</strong></span> 
     </span>
     <span class='ocr_line' id='line_1_20' title="bbox 327 2220 1570 2289; baseline -0.005 -15"><span class='ocrx_word' id='word_1_158' title='bbox 327 2224 451 2275; x_wconf 87' lang='lat' dir='ltr'><strong>Minores</strong></span> <span class='ocrx_word' id='word_1_159' title='bbox 462 2237 497 2275; x_wconf 84' lang='lat' dir='ltr'><strong>ex</strong></span> <span class='ocrx_word' id='word_1_160' title='bbox 507 2236 541 2274; x_wconf 88' lang='lat' dir='ltr'><strong>eo</strong></span> <span class='ocrx_word' id='word_1_161' title='bbox 553 2224 680 2275; x_wconf 84' lang='lat' dir='ltr'><strong>lautores</strong></span> <span class='ocrx_word' id='word_1_162' title='bbox 693 2225 818 2276; x_wconf 82' lang='lat' dir='ltr'><strong>existere</strong></span> <span class='ocrx_word' id='word_1_163' title='bbox 830 2237 1018 2289; x_wconf 86' lang='lat' dir='ltr'><strong>personarum</strong></span> <span class='ocrx_word' id='word_1_164' title='bbox 1028 2224 1244 2289; x_wconf 85' lang='lat' dir='ltr'><strong>dampnatarum</strong></span> <span class='ocrx_word' id='word_1_165' title='bbox 1253 2234 1307 2287; x_wconf 92' lang='lat' dir='ltr'><strong>per</strong></span> <span class='ocrx_word' id='word_1_166' title='bbox 1321 2220 1570 2272; x_wconf 72' lang='lat' dir='ltr'><strong>constitutionem</strong></span> 
     </span>
     <span class='ocr_line' id='line_1_21' title="bbox 325 2304 1564 2372; baseline -0.008 -11"><span class='ocrx_word' id='word_1_167' title='bbox 325 2308 455 2369; x_wconf 85' lang='lat' dir='ltr'><strong>eandem,</strong></span> <span class='ocrx_word' id='word_1_168' title='bbox 467 2309 535 2372; x_wconf 88' lang='lat' dir='ltr'><strong>quia</strong></span> <span class='ocrx_word' id='word_1_169' title='bbox 543 2308 651 2359; x_wconf 89' lang='lat' dir='ltr'><strong>eisdem</strong></span> <span class='ocrx_word' id='word_1_170' title='bbox 659 2308 796 2359; x_wconf 84' lang='lat' dir='ltr'><strong>iratribus</strong></span> <span class='ocrx_word' id='word_1_171' title='bbox 808 2309 837 2358; x_wconf 90' lang='lat' dir='ltr'><strong>et</strong></span> <span class='ocrx_word' id='word_1_172' title='bbox 848 2306 994 2358; x_wconf 89' lang='lat' dir='ltr'><strong>sororibus</strong></span> <span class='ocrx_word' id='word_1_173' title='bbox 1012 2306 1047 2358; x_wconf 91' lang='lat' dir='ltr'><strong>de</strong></span> <span class='ocrx_word' id='word_1_174' title='bbox 1064 2306 1222 2371; x_wconf 90' lang='lat' dir='ltr'><strong>penitentia</strong></span> <span class='ocrx_word' id='word_1_175' title='bbox 1232 2304 1444 2356; x_wconf 87' lang='lat' dir='ltr'><strong>communicant</strong></span> <span class='ocrx_word' id='word_1_176' title='bbox 1460 2304 1490 2354; x_wconf 90' lang='lat' dir='ltr'><strong>et</strong></span> <span class='ocrx_word' id='word_1_177' title='bbox 1505 2314 1564 2353; x_wconf 70' lang='lat' dir='ltr'><strong>eos</strong></span> 
     </span>
     <span class='ocr_line' id='line_1_22' title="bbox 326 2384 1571 2456; baseline -0.006 -14"><span class='ocrx_word' id='word_1_178' title='bbox 326 2392 469 2456; x_wconf 88' lang='lat' dir='ltr'><strong>recipiunt</strong></span> <span class='ocrx_word' id='word_1_179' title='bbox 485 2391 520 2441; x_wconf 87' lang='lat' dir='ltr'><strong>ad</strong></span> <span class='ocrx_word' id='word_1_180' title='bbox 533 2390 638 2451; x_wconf 83' lang='lat' dir='ltr'><strong>divina,</strong></span> <span class='ocrx_word' id='word_1_181' title='bbox 651 2392 681 2442; x_wconf 92' lang='lat' dir='ltr'><strong>et</strong></span> <span class='ocrx_word' id='word_1_182' title='bbox 694 2392 811 2456; x_wconf 84' lang='lat' dir='ltr'><strong>propter</strong></span> <span class='ocrx_word' id='word_1_183' title='bbox 828 2388 883 2440; x_wconf 90' lang='lat' dir='ltr'><strong>hoc</strong></span> <span class='ocrx_word' id='word_1_184' title='bbox 899 2390 978 2454; x_wconf 91' lang='lat' dir='ltr'><strong>ipsos</strong></span> <span class='ocrx_word' id='word_1_185' title='bbox 995 2390 1099 2441; x_wconf 81' lang='lat' dir='ltr'><strong>iratres</strong></span> <span class='ocrx_word' id='word_1_186' title='bbox 1117 2389 1242 2440; x_wconf 86' lang='lat' dir='ltr'><strong>Minores</strong></span> <span class='ocrx_word' id='word_1_187' title='bbox 1253 2384 1571 2439; x_wconf 74' lang='lat' dir='ltr'><strong>excommunicationis·</strong></span> 
     </span>
     <span class='ocr_line' id='line_1_23' title="bbox 326 2472 1564 2535; baseline -0.004 -10"><span class='ocrx_word' id='word_1_188' title='bbox 326 2475 497 2526; x_wconf 83' lang='lat' dir='ltr'><strong>seutentiam</strong></span> <span class='ocrx_word' id='word_1_189' title='bbox 509 2475 673 2535; x_wconf 88' lang='lat' dir='ltr'><strong>incurrisse,</strong></span> <span class='ocrx_word' id='word_1_190' title='bbox 691 2473 756 2525; x_wconf 89' lang='lat' dir='ltr'><strong>illos</strong></span> <span class='ocrx_word' id='word_1_191' title='bbox 774 2475 1034 2526; x_wconf 84' lang='lat' dir='ltr'><strong>excommunicatos</strong></span> <span class='ocrx_word' id='word_1_192' title='bbox 1051 2474 1219 2525; x_wconf 88' lang='lat' dir='ltr'><strong>denuntiant</strong></span> <span class='ocrx_word' id='word_1_193' title='bbox 1235 2474 1264 2524; x_wconf 86' lang='lat' dir='ltr'><strong>et</strong></span> <span class='ocrx_word' id='word_1_194' title='bbox 1280 2472 1454 2524; x_wconf 86' lang='lat' dir='ltr'><strong>sententiam</strong></span> <span class='ocrx_word' id='word_1_195' title='bbox 1464 2472 1564 2535; x_wconf 81' lang='lat' dir='ltr'><strong>ipsam</strong></span> 
     </span>
     <span class='ocr_line' id='line_1_24' title="bbox 327 2552 1568 2623; baseline -0.006 -15"><span class='ocrx_word' id='word_1_196' title='bbox 327 2561 485 2623; x_wconf 82' lang='lat' dir='ltr'><strong>aggravant</strong></span> <span class='ocrx_word' id='word_1_197' title='bbox 497 2559 596 2608; x_wconf 88' lang='lat' dir='ltr'><strong>contra</strong></span> <span class='ocrx_word' id='word_1_198' title='bbox 605 2571 663 2617; x_wconf 87' lang='lat' dir='ltr'><strong>eos,</strong></span> <span class='ocrx_word' id='word_1_199' title='bbox 678 2558 807 2608; x_wconf 89' lang='lat' dir='ltr'><strong>civitates</strong></span> <span class='ocrx_word' id='word_1_200' title='bbox 819 2560 848 2608; x_wconf 91' lang='lat' dir='ltr'><strong>et</strong></span> <span class='ocrx_word' id='word_1_201' title='bbox 860 2556 932 2617; x_wconf 86' lang='lat' dir='ltr'><strong>loca,</strong></span> <span class='ocrx_word' id='word_1_202' title='bbox 949 2557 1091 2620; x_wconf 87' lang='lat' dir='ltr'><strong>inquibus</strong></span> <span class='ocrx_word' id='word_1_203' title='bbox 1108 2556 1177 2607; x_wconf 89' lang='lat' dir='ltr'><strong>dicti</strong></span> <span class='ocrx_word' id='word_1_204' title='bbox 1191 2556 1295 2607; x_wconf 79' lang='lat' dir='ltr'><strong>hatres</strong></span> <span class='ocrx_word' id='word_1_205' title='bbox 1307 2554 1434 2606; x_wconf 84' lang='lat' dir='ltr'><strong>Minores</strong></span> <span class='ocrx_word' id='word_1_206' title='bbox 1446 2552 1568 2604; x_wconf 87' lang='lat' dir='ltr'><strong>inhabi-</strong></span> 
     </span>
     <span class='ocr_line' id='line_1_25' title="bbox 326 2634 1568 2705; baseline -0.007 -13"><span class='ocrx_word' id='word_1_207' title='bbox 326 2642 398 2702; x_wconf 91' lang='lat' dir='ltr'><strong>tant,</strong></span> <span class='ocrx_word' id='word_1_208' title='bbox 411 2638 603 2692; x_wconf 87' lang='lat' dir='ltr'><strong>ecclesiastico</strong></span> <span class='ocrx_word' id='word_1_209' title='bbox 620 2640 772 2691; x_wconf 86' lang='lat' dir='ltr'><strong>interdicto</strong></span> <span class='ocrx_word' id='word_1_210' title='bbox 785 2641 947 2705; x_wconf 89' lang='lat' dir='ltr'><strong>supponunt</strong></span> <span class='ocrx_word' id='word_1_211' title='bbox 959 2652 992 2689; x_wconf 86' lang='lat' dir='ltr'><strong>ao</strong></span> <span class='ocrx_word' id='word_1_212' title='bbox 1003 2639 1045 2690; x_wconf 90' lang='lat' dir='ltr'><strong>eis</strong></span> <span class='ocrx_word' id='word_1_213' title='bbox 1057 2637 1227 2689; x_wconf 80' lang='lat' dir='ltr'><strong>elemosinas</strong></span> <span class='ocrx_word' id='word_1_214' title='bbox 1238 2640 1268 2689; x_wconf 91' lang='lat' dir='ltr'><strong>et</strong></span> <span class='ocrx_word' id='word_1_215' title='bbox 1285 2637 1343 2689; x_wconf 84' lang='lat' dir='ltr'><strong>alia</strong></span> <span class='ocrx_word' id='word_1_216' title='bbox 1358 2638 1418 2688; x_wconf 84' lang='lat' dir='ltr'><strong>vite</strong></span> <span class='ocrx_word' id='word_1_217' title='bbox 1429 2634 1568 2687; x_wconf 76' lang='lat' dir='ltr'><strong>subsidia.</strong></span> 
     </span>
     <span class='ocr_line' id='line_1_26' title="bbox 327 2715 1555 2787; baseline -0.005 -15"><span class='ocrx_word' id='word_1_218' title='bbox 327 2720 507 2784; x_wconf 86' lang='lat' dir='ltr'><strong>snbtrahnut,</strong></span> <span class='ocrx_word' id='word_1_219' title='bbox 524 2720 764 2787; x_wconf 80' lang='lat' dir='ltr'><strong>appellationibus</strong></span> <span class='ocrx_word' id='word_1_220' title='bbox 776 2722 863 2773; x_wconf 88' lang='lat' dir='ltr'><strong>etiam</strong></span> <span class='ocrx_word' id='word_1_221' title='bbox 874 2735 926 2786; x_wconf 90' lang='lat' dir='ltr'><strong>pro</strong></span> <span class='ocrx_word' id='word_1_222' title='bbox 939 2725 1020 2786; x_wconf 87' lang='lat' dir='ltr'><strong>parte</strong></span> <span class='ocrx_word' id='word_1_223' title='bbox 1040 2722 1180 2772; x_wconf 87' lang='lat' dir='ltr'><strong>dictorum</strong></span> <span class='ocrx_word' id='word_1_224' title='bbox 1197 2722 1320 2771; x_wconf 74' lang='lat' dir='ltr'><strong>fratrum</strong></span> <span class='ocrx_word' id='word_1_225' title='bbox 1336 2722 1365 2771; x_wconf 88' lang='lat' dir='ltr'><strong>et</strong></span> <span class='ocrx_word' id='word_1_226' title='bbox 1376 2731 1508 2770; x_wconf 90' lang='lat' dir='ltr'><strong>sororum</strong></span> <span class='ocrx_word' id='word_1_227' title='bbox 1517 2715 1555 2766; x_wconf 78' lang='lat' dir='ltr'><strong>(le</strong></span> 
     </span>
     <span class='ocr_line' id='line_1_27' title="bbox 325 2798 1556 2872; baseline -0.007 -16"><span class='ocrx_word' id='word_1_228' title='bbox 325 2805 483 2872; x_wconf 88' lang='lat' dir='ltr'><strong>penitentia</strong></span> <span class='ocrx_word' id='word_1_229' title='bbox 494 2806 523 2856; x_wconf 90' lang='lat' dir='ltr'><strong>et</strong></span> <span class='ocrx_word' id='word_1_230' title='bbox 536 2806 659 2856; x_wconf 73' lang='lat' dir='ltr'><strong>fratrum</strong></span> <span class='ocrx_word' id='word_1_231' title='bbox 671 2803 814 2855; x_wconf 89' lang='lat' dir='ltr'><strong>Minorum</strong></span> <span class='ocrx_word' id='word_1_232' title='bbox 826 2805 862 2856; x_wconf 89' lang='lat' dir='ltr'><strong>ad</strong></span> <span class='ocrx_word' id='word_1_233' title='bbox 873 2806 979 2856; x_wconf 88' lang='lat' dir='ltr'><strong>dictam</strong></span> <span class='ocrx_word' id='word_1_234' title='bbox 995 2806 1091 2857; x_wconf 90' lang='lat' dir='ltr'><strong>sedem</strong></span> <span class='ocrx_word' id='word_1_235' title='bbox 1103 2804 1261 2869; x_wconf 88' lang='lat' dir='ltr'><strong>interjectis</strong></span> <span class='ocrx_word' id='word_1_236' title='bbox 1273 2802 1428 2868; x_wconf 82' lang='lat' dir='ltr'><strong>propterea</strong></span> <span class='ocrx_word' id='word_1_237' title='bbox 1439 2798 1556 2863; x_wconf 80' lang='lat' dir='ltr'><strong>vilipen-</strong></span> 
     </span>
     <span class='ocr_line' id='line_1_28' title="bbox 327 2880 1552 2953; baseline -0.006 -15"><span class='ocrx_word' id='word_1_238' title='bbox 327 2889 374 2938; x_wconf 88' lang='lat' dir='ltr'><strong>sis.</strong></span> <span class='ocrx_word' id='word_1_239' title='bbox 389 2888 458 2939; x_wconf 76' lang='lat' dir='ltr'><strong>(lnm</strong></span> <span class='ocrx_word' id='word_1_240' title='bbox 467 2889 563 2951; x_wconf 88' lang='lat' dir='ltr'><strong>itaque</strong></span> <span class='ocrx_word' id='word_1_241' title='bbox 576 2887 741 2938; x_wconf 89' lang='lat' dir='ltr'><strong>constitutio</strong></span> <span class='ocrx_word' id='word_1_242' title='bbox 754 2888 917 2952; x_wconf 88' lang='lat' dir='ltr'><strong>supradicta</strong></span> <span class='ocrx_word' id='word_1_243' title='bbox 928 2889 964 2939; x_wconf 87' lang='lat' dir='ltr'><strong>ad</strong></span> <span class='ocrx_word' id='word_1_244' title='bbox 976 2889 1052 2953; x_wconf 91' lang='lat' dir='ltr'><strong>ipsos</strong></span> <span class='ocrx_word' id='word_1_245' title='bbox 1064 2888 1168 2938; x_wconf 73' lang='lat' dir='ltr'><strong>Matres</strong></span> <span class='ocrx_word' id='word_1_246' title='bbox 1180 2890 1208 2936; x_wconf 89' lang='lat' dir='ltr'><strong>et</strong></span> <span class='ocrx_word' id='word_1_247' title='bbox 1220 2897 1333 2935; x_wconf 86' lang='lat' dir='ltr'><strong>sorores</strong></span> <span class='ocrx_word' id='word_1_248' title='bbox 1345 2883 1430 2935; x_wconf 85' lang='lat' dir='ltr'><strong>tercii</strong></span> <span class='ocrx_word' id='word_1_249' title='bbox 1447 2880 1552 2932; x_wconf 84' lang='lat' dir='ltr'><strong>ordinis</strong></span> 
     </span>
     <span class='ocr_line' id='line_1_29' title="bbox 327 2963 1554 3031; baseline -0.007 -11"><span class='ocrx_word' id='word_1_250' title='bbox 327 2971 444 3021; x_wconf 90' lang='lat' dir='ltr'><strong>minime</strong></span> <span class='ocrx_word' id='word_1_251' title='bbox 471 2984 502 3021; x_wconf 90' lang='lat' dir='ltr'><strong>se</strong></span> <span class='ocrx_word' id='word_1_252' title='bbox 530 2970 675 3030; x_wconf 81' lang='lat' dir='ltr'><strong>extendat,</strong></span> <span class='ocrx_word' id='word_1_253' title='bbox 707 2969 887 3022; x_wconf 77' lang='lat' dir='ltr'><strong>universitati</strong></span> <span class='ocrx_word' id='word_1_254' title='bbox 911 2971 1005 3020; x_wconf 87' lang='lat' dir='ltr'><strong>vestre</strong></span> <span class='ocrx_word' id='word_1_255' title='bbox 1022 2969 1198 3028; x_wconf 87' lang='lat' dir='ltr'><strong>mandamus,</strong></span> <span class='ocrx_word' id='word_1_256' title='bbox 1216 2967 1355 3031; x_wconf 83' lang='lat' dir='ltr'><strong>quatenus</strong></span> <span class='ocrx_word' id='word_1_257' title='bbox 1383 2963 1554 3016; x_wconf 83' lang='lat' dir='ltr'><strong>memoratos</strong></span> 
     </span>
     <span class='ocr_line' id='line_1_30' title="bbox 325 3045 1551 3115; baseline -0.006 -13"><span class='ocrx_word' id='word_1_258' title='bbox 325 3051 430 3102; x_wconf 69' lang='lat' dir='ltr'><strong>matres</strong></span> <span class='ocrx_word' id='word_1_259' title='bbox 441 3054 470 3101; x_wconf 88' lang='lat' dir='ltr'><strong>et</strong></span> <span class='ocrx_word' id='word_1_260' title='bbox 487 3065 599 3101; x_wconf 88' lang='lat' dir='ltr'><strong>sorores</strong></span> <span class='ocrx_word' id='word_1_261' title='bbox 611 3052 646 3102; x_wconf 88' lang='lat' dir='ltr'><strong>de</strong></span> <span class='ocrx_word' id='word_1_262' title='bbox 667 3052 756 3101; x_wconf 86' lang='lat' dir='ltr'><strong>tercio</strong></span> <span class='ocrx_word' id='word_1_263' title='bbox 780 3051 880 3101; x_wconf 88' lang='lat' dir='ltr'><strong>ordine</strong></span> <span class='ocrx_word' id='word_1_264' title='bbox 891 3049 1033 3115; x_wconf 87' lang='lat' dir='ltr'><strong>prelibato</strong></span> <span class='ocrx_word' id='word_1_265' title='bbox 1051 3051 1095 3103; x_wconf 89' lang='lat' dir='ltr'><strong>vel</strong></span> <span class='ocrx_word' id='word_1_266' title='bbox 1113 3053 1218 3102; x_wconf 83' lang='lat' dir='ltr'><strong>tratres</strong></span> <span class='ocrx_word' id='word_1_267' title='bbox 1238 3050 1365 3102; x_wconf 90' lang='lat' dir='ltr'><strong>Minores</strong></span> <span class='ocrx_word' id='word_1_268' title='bbox 1377 3061 1428 3099; x_wconf 90' lang='lat' dir='ltr'><strong>seu</strong></span> <span class='ocrx_word' id='word_1_269' title='bbox 1442 3045 1551 3111; x_wconf 78' lang='lat' dir='ltr'><strong>quosvis</strong></span> 
     </span>
     <span class='ocr_line' id='line_1_31' title="bbox 326 3129 1547 3198; baseline -0.006 -15"><span class='ocrx_word' id='word_1_270' title='bbox 326 3131 398 3184; x_wconf 85' lang='lat' dir='ltr'><strong>alios</strong></span> <span class='ocrx_word' id='word_1_271' title='bbox 415 3134 563 3183; x_wconf 88' lang='lat' dir='ltr'><strong>occasione</strong></span> <span class='ocrx_word' id='word_1_272' title='bbox 574 3133 713 3196; x_wconf 90' lang='lat' dir='ltr'><strong>premissa</strong></span> <span class='ocrx_word' id='word_1_273' title='bbox 723 3131 885 3183; x_wconf 87' lang='lat' dir='ltr'><strong>nullatenus</strong></span> <span class='ocrx_word' id='word_1_274' title='bbox 897 3132 1053 3183; x_wconf 87' lang='lat' dir='ltr'><strong>molestetis</strong></span> <span class='ocrx_word' id='word_1_275' title='bbox 1066 3146 1118 3184; x_wconf 88' lang='lat' dir='ltr'><strong>nec</strong></span> <span class='ocrx_word' id='word_1_276' title='bbox 1129 3133 1301 3198; x_wconf 86' lang='lat' dir='ltr'><strong>permittatis</strong></span> <span class='ocrx_word' id='word_1_277' title='bbox 1313 3131 1348 3181; x_wconf 88' lang='lat' dir='ltr'><strong>ab</strong></span> <span class='ocrx_word' id='word_1_278' title='bbox 1361 3129 1427 3182; x_wconf 88' lang='lat' dir='ltr'><strong>aliis</strong></span> <span class='ocrx_word' id='word_1_279' title='bbox 1439 3141 1547 3193; x_wconf 90' lang='lat' dir='ltr'><strong>quomo·</strong></span> 
     </span>
     <span class='ocr_line' id='line_1_32' title="bbox 326 3212 1465 3280; baseline -0.003 -15"><span class='ocrx_word' id='word_1_280' title='bbox 326 3214 435 3265; x_wconf 90' lang='lat' dir='ltr'><strong>dolibet</strong></span> <span class='ocrx_word' id='word_1_281' title='bbox 446 3212 602 3276; x_wconf 88' lang='lat' dir='ltr'><strong>molestari,</strong></span> <span class='ocrx_word' id='word_1_282' title='bbox 614 3215 668 3265; x_wconf 87' lang='lat' dir='ltr'><strong>nisi</strong></span> <span class='ocrx_word' id='word_1_283' title='bbox 680 3215 860 3280; x_wconf 86' lang='lat' dir='ltr'><strong>contingeret</strong></span> <span class='ocrx_word' id='word_1_284' title='bbox 869 3229 921 3279; x_wconf 84' lang='lat' dir='ltr'><strong>por</strong></span> <span class='ocrx_word' id='word_1_285' title='bbox 932 3215 1027 3267; x_wconf 86' lang='lat' dir='ltr'><strong>sedem</strong></span> <span class='ocrx_word' id='word_1_286' title='bbox 1036 3214 1221 3280; x_wconf 84' lang='lat' dir='ltr'><strong>apostolicam</strong></span> <span class='ocrx_word' id='word_1_287' title='bbox 1239 3213 1316 3265; x_wconf 90' lang='lat' dir='ltr'><strong>aliud</strong></span> <span class='ocrx_word' id='word_1_288' title='bbox 1328 3212 1465 3264; x_wconf 84' lang='lat' dir='ltr'><strong>ordinari.</strong></span> 
     </span>
    </p>

    <p class='ocr_par' dir='ltr' id='par_1_6' title="bbox 361 3296 891 3359">
     <span class='ocr_line' id='line_1_33' title="bbox 361 3296 891 3359; baseline -0.002 -11"><span class='ocrx_word' id='word_1_289' title='bbox 361 3298 425 3350; x_wconf 82' lang='lat' dir='ltr'><strong>Det.</strong></span> <span class='ocrx_word' id='word_1_290' title='bbox 438 3298 532 3359; x_wconf 69' lang='lat' dir='ltr'><strong>Asin„</strong></span> <span class='ocrx_word' id='word_1_291' title='bbox 541 3296 567 3347; x_wconf 82' lang='grc'><strong>7.</strong></span> <span class='ocrx_word' id='word_1_292' title='bbox 582 3296 640 3348; x_wconf 83' lang='lat' dir='ltr'><strong>hal.</strong></span> <span class='ocrx_word' id='word_1_293' title='bbox 653 3296 765 3359; x_wconf 88' lang='lat' dir='ltr'><strong>Marcii,</strong></span> <span class='ocrx_word' id='word_1_294' title='bbox 777 3310 852 3349; x_wconf 89' lang='lat' dir='ltr'><strong>anno</strong></span> <span class='ocrx_word' id='word_1_295' title='bbox 865 3298 891 3348; x_wconf 88' lang='lat'><strong>3.</strong></span> 
     </span>
    </p>
   </div>
   <div class='ocr_carea' id='block_1_4' title="bbox 589 3407 1549 3711">
    <p class='ocr_par' dir='ltr' id='par_1_7' title="bbox 589 3407 1549 3711">
     <span class='ocr_line' id='line_1_34' title="bbox 589 3407 1549 3477; baseline -0.009 -11"><span class='ocrx_word' id='word_1_296' title='bbox 589 3412 706 3466; x_wconf 74' lang='lat' dir='ltr'><strong>Archias</strong></span> <span class='ocrx_word' id='word_1_297' title='bbox 719 3427 773 3464; x_wconf 88' lang='lat' dir='ltr'><strong>van</strong></span> <span class='ocrx_word' id='word_1_298' title='bbox 785 3412 834 3463; x_wconf 87' lang='lat' dir='ltr'><strong>het</strong></span> <span class='ocrx_word' id='word_1_299' title='bbox 847 3411 996 3474; x_wconf 83' lang='lat' dir='ltr'><strong>Vatihaan,</strong></span> <span class='ocrx_word' id='word_1_300' title='bbox 1014 3413 1087 3477; x_wconf 84' lang='lat' dir='ltr'><strong>Reg.</strong></span> <span class='ocrx_word' id='word_1_301' title='bbox 1103 3414 1145 3476; x_wconf 79' lang='lat'><strong>69,</strong></span> <span class='ocrx_word' id='word_1_302' title='bbox 1157 3425 1297 3464; x_wconf 91' lang='lat' dir='ltr'><strong>commun.</strong></span> <span class='ocrx_word' id='word_1_303' title='bbox 1311 3420 1341 3462; x_wconf 73' lang='lat' dir='ltr'><strong>nr</strong></span> <span class='ocrx_word' id='word_1_304' title='bbox 1352 3411 1420 3474; x_wconf 77' lang='lat'><strong>359;</strong></span> <span class='ocrx_word' id='word_1_305' title='bbox 1438 3407 1549 3460; x_wconf 81' lang='lat' dir='ltr'><strong>verkort</strong></span> 
     </span>
     <span class='ocr_line' id='line_1_35' title="bbox 623 3489 1547 3560; baseline -0.006 -14"><span class='ocrx_word' id='word_1_306' title='bbox 623 3495 777 3560; x_wconf 83' lang='lat' dir='ltr'><strong>aigedrukt</strong></span> <span class='ocrx_word' id='word_1_307' title='bbox 795 3496 832 3558; x_wconf 90' lang='lat' dir='ltr'><strong>bij</strong></span> <span class='ocrx_word' id='word_1_308' title='bbox 852 3495 879 3546; x_wconf 85' lang='lat' dir='ltr'><strong>S.</strong></span> <span class='ocrx_word' id='word_1_309' title='bbox 900 3493 1024 3555; x_wconf 83' lang='lat' dir='ltr'><strong>Riezler,</strong></span> <span class='ocrx_word' id='word_1_310' title='bbox 1047 3491 1265 3546; x_wconf 70' lang='lat' dir='ltr'><strong>Vadkanischen</strong></span> <span class='ocrx_word' id='word_1_311' title='bbox 1281 3492 1376 3544; x_wconf 75' lang='lat' dir='ltr'><strong>Aleten</strong></span> <span class='ocrx_word' id='word_1_312' title='bbox 1392 3506 1450 3542; x_wconf 78' lang='lat' dir='ltr'><strong>sur</strong></span> <span class='ocrx_word' id='word_1_313' title='bbox 1476 3489 1547 3541; x_wconf 75' lang='lat' dir='ltr'><strong>deut·</strong></span> 
     </span>
     <span class='ocr_line' id='line_1_36' title="bbox 622 3572 1548 3643; baseline -0.004 -15"><span class='ocrx_word' id='word_1_314' title='bbox 622 3574 708 3628; x_wconf 77' lang='lat' dir='ltr'><strong>seben</strong></span> <span class='ocrx_word' id='word_1_315' title='bbox 721 3574 881 3630; x_wconf 77' lang='lat' dir='ltr'><strong>Geecbicbte</strong></span> <span class='ocrx_word' id='word_1_316' title='bbox 897 3579 929 3627; x_wconf 82' lang='lat' dir='ltr'><strong>in</strong></span> <span class='ocrx_word' id='word_1_317' title='bbox 945 3574 996 3628; x_wconf 78' lang='lat' dir='ltr'><strong>der</strong></span> <span class='ocrx_word' id='word_1_318' title='bbox 1011 3576 1070 3628; x_wconf 81' lang='lat' dir='ltr'><strong>Zeit</strong></span> <span class='ocrx_word' id='word_1_319' title='bbox 1087 3575 1221 3643; x_wconf 72' lang='lat' dir='ltr'><strong>Ludwiys</strong></span> <span class='ocrx_word' id='word_1_320' title='bbox 1237 3574 1286 3628; x_wconf 77' lang='lat' dir='ltr'><strong>dee</strong></span> <span class='ocrx_word' id='word_1_321' title='bbox 1303 3575 1430 3642; x_wconf 66' lang='lat' dir='ltr'><strong>Bam,</strong></span> <span class='ocrx_word' id='word_1_322' title='bbox 1441 3573 1492 3625; x_wconf 79' lang='lat' dir='ltr'><strong>bln.</strong></span> <span class='ocrx_word' id='word_1_323' title='bbox 1510 3572 1548 3632; x_wconf 80' lang='lat'><strong>85,</strong></span> 
     </span>
     <span class='ocr_line' id='line_1_37' title="bbox 624 3659 722 3711; baseline -0.01 -1"><span class='ocrx_word' id='word_1_324' title='bbox 624 3669 653 3710; x_wconf 74' lang='lat' dir='ltr'><strong>nr</strong></span> <span class='ocrx_word' id='word_1_325' title='bbox 666 3659 722 3711; x_wconf 75' lang='lat'>148.</span> 
     </span>
    </p>
   </div>
   <div class='ocr_carea' id='block_1_5' title="bbox 829 3821 1057 3919">
    <p class='ocr_par' dir='ltr' id='par_1_8' title="bbox 829 3821 1057 3919">
     <span class='ocr_line' id='line_1_38' title="bbox 829 3821 1057 3919; baseline -0.035 -21"><span class='ocrx_word' id='word_1_326' title='bbox 829 3829 881 3898; x_wconf 77' lang='lat'><strong>47</strong></span> <span class='ocrx_word' id='word_1_327' title='bbox 909 3821 1057 3919; x_wconf 58' lang='lat' dir='ltr'><strong>(rores).</strong></span> 
     </span>
    </p>
   </div>
   <div class='ocr_carea' id='block_1_6' title="bbox 326 4019 1559 4417">
    <p class='ocr_par' dir='ltr' id='par_1_9' title="bbox 326 4019 1559 4417">
     <span class='ocr_line' id='line_1_39' title="bbox 373 4019 1556 4107; baseline 0.001 -22"><span class='ocrx_word' id='word_1_328' title='bbox 373 4019 480 4099; x_wconf 83' lang='lat'><strong>(1319,</strong></span> <span class='ocrx_word' id='word_1_329' title='bbox 511 4020 582 4087; x_wconf 83' lang='lat' dir='ltr'><strong>Mei</strong></span> <span class='ocrx_word' id='word_1_330' title='bbox 609 4028 659 4099; x_wconf 72' lang='lat'><strong>23,</strong></span> <span class='ocrx_word' id='word_1_331' title='bbox 690 4020 882 4107; x_wconf 77' lang='lat' dir='ltr'><strong>Aoipnon.)</strong></span> <span class='ocrx_word' id='word_1_332' title='bbox 913 4021 1091 4106; x_wconf 84' lang='lat' dir='ltr'><strong>Fragment</strong></span> <span class='ocrx_word' id='word_1_333' title='bbox 1122 4041 1222 4088; x_wconf 83' lang='lat' dir='ltr'><strong>senar</strong></span> <span class='ocrx_word' id='word_1_334' title='bbox 1253 4019 1308 4087; x_wconf 90' lang='lat' dir='ltr'><strong>bul</strong></span> <span class='ocrx_word' id='word_1_335' title='bbox 1337 4038 1400 4086; x_wconf 85' lang='lat' dir='ltr'><strong>van</strong></span> <span class='ocrx_word' id='word_1_336' title='bbox 1432 4019 1556 4086; x_wconf 87' lang='lat' dir='ltr'><strong>Johan·</strong></span> 
     </span>
     <span class='ocr_line' id='line_1_40' title="bbox 328 4121 1558 4212; baseline 0.001 -25"><span class='ocrx_word' id='word_1_337' title='bbox 328 4142 388 4188; x_wconf 92' lang='lat' dir='ltr'><strong>nes</strong></span> <span class='ocrx_word' id='word_1_338' title='bbox 404 4123 515 4203; x_wconf 89' lang='lat' dir='ltr'><strong>XXII,</strong></span> <span class='ocrx_word' id='word_1_339' title='bbox 542 4123 672 4208; x_wconf 88' lang='lat' dir='ltr'><strong>gericht</strong></span> <span class='ocrx_word' id='word_1_340' title='bbox 694 4129 744 4189; x_wconf 87' lang='lat' dir='ltr'><strong>tot</strong></span> <span class='ocrx_word' id='word_1_341' title='bbox 765 4124 805 4190; x_wconf 90' lang='lat' dir='ltr'><strong>de</strong></span> <span class='ocrx_word' id='word_1_342' title='bbox 829 4123 1042 4191; x_wconf 89' lang='lat' dir='ltr'><strong>Brusselsohe</strong></span> <span class='ocrx_word' id='word_1_343' title='bbox 1069 4125 1241 4212; x_wconf 79' lang='lat' dir='ltr'><strong>Begijnsn,</strong></span> <span class='ocrx_word' id='word_1_344' title='bbox 1272 4121 1410 4210; x_wconf 81' lang='lat' dir='ltr'><strong>waarhij</strong></span> <span class='ocrx_word' id='word_1_345' title='bbox 1442 4121 1488 4210; x_wconf 91' lang='lat' dir='ltr'><strong>hij</strong></span> <span class='ocrx_word' id='word_1_346' title='bbox 1518 4122 1558 4188; x_wconf 90' lang='lat' dir='ltr'><strong>de</strong></span> 
     </span>
     <span class='ocr_line' id='line_1_41' title="bbox 327 4225 1559 4315; baseline 0.003 -26"><span class='ocrx_word' id='word_1_347' title='bbox 327 4225 486 4312; x_wconf 78' lang='lat' dir='ltr'><strong>BegiJnen</strong></span> <span class='ocrx_word' id='word_1_348' title='bbox 510 4246 577 4292; x_wconf 86' lang='lat' dir='ltr'><strong>van</strong></span> <span class='ocrx_word' id='word_1_349' title='bbox 593 4228 652 4292; x_wconf 87' lang='lat' dir='ltr'><strong>het</strong></span> <span class='ocrx_word' id='word_1_350' title='bbox 667 4226 860 4311; x_wconf 87' lang='lat' dir='ltr'><strong>hertogdom</strong></span> <span class='ocrx_word' id='word_1_351' title='bbox 877 4225 1023 4293; x_wconf 84' lang='lat' dir='ltr'><strong>Brabant</strong></span> <span class='ocrx_word' id='word_1_352' title='bbox 1046 4247 1087 4315; x_wconf 90' lang='lat' dir='ltr'><strong>op</strong></span> <span class='ocrx_word' id='word_1_353' title='bbox 1103 4228 1186 4294; x_wconf 86' lang='lat' dir='ltr'><strong>haar</strong></span> <span class='ocrx_word' id='word_1_354' title='bbox 1210 4226 1352 4293; x_wconf 84' lang='lat' dir='ltr'><strong>verzosk</strong></span> <span class='ocrx_word' id='word_1_355' title='bbox 1379 4232 1449 4292; x_wconf 86' lang='lat' dir='ltr'><strong>met</strong></span> <span class='ocrx_word' id='word_1_356' title='bbox 1477 4226 1559 4293; x_wconf 88' lang='lat' dir='ltr'><strong>haro</strong></span> 
     </span>
     <span class='ocr_line' id='line_1_42' title="bbox 326 4324 1134 4417; baseline 0.006 -25"><span class='ocrx_word' id='word_1_357' title='bbox 326 4324 527 4414; x_wconf 87' lang='lat' dir='ltr'><strong>bezittingen</strong></span> <span class='ocrx_word' id='word_1_358' title='bbox 546 4329 647 4395; x_wconf 88' lang='lat' dir='ltr'><strong>under</strong></span> <span class='ocrx_word' id='word_1_359' title='bbox 665 4330 751 4417; x_wconf 87' lang='lat' dir='ltr'><strong>zijne</strong></span> <span class='ocrx_word' id='word_1_360' title='bbox 768 4329 995 4416; x_wconf 82' lang='lat' dir='ltr'><strong>bescherming</strong></span> <span class='ocrx_word' id='word_1_361' title='bbox 1012 4339 1134 4397; x_wconf 87' lang='lat' dir='ltr'><strong>nsemt.</strong></span> 
     </span>
    </p>
   </div>
   <div class='ocr_carea' id='block_1_7' title="bbox 359 4465 1580 4617">
    <p class='ocr_par' dir='ltr' id='par_1_10' title="bbox 359 4465 1580 4617">
     <span class='ocr_line' id='line_1_43' title="bbox 359 4465 1473 4536; baseline 0.001 -18"><span class='ocrx_word' id='word_1_362' title='bbox 359 4465 506 4519; x_wconf 80' lang='lat' dir='ltr'><strong>lohannes</strong></span> <span class='ocrx_word' id='word_1_363' title='bbox 515 4468 675 4533; x_wconf 88' lang='lat' dir='ltr'><strong>episcopus,</strong></span> <span class='ocrx_word' id='word_1_364' title='bbox 685 4481 785 4520; x_wconf 87' lang='lat' dir='ltr'><strong>seruus</strong></span> <span class='ocrx_word' id='word_1_365' title='bbox 795 4481 944 4520; x_wconf 89' lang='lat' dir='ltr'><strong>seruorum</strong></span> <span class='ocrx_word' id='word_1_366' title='bbox 956 4468 1020 4530; x_wconf 89' lang='lat' dir='ltr'><strong>Dei,</strong></span> <span class='ocrx_word' id='word_1_367' title='bbox 1031 4469 1067 4520; x_wconf 86' lang='lat' dir='ltr'><strong>ad</strong></span> <span class='ocrx_word' id='word_1_368' title='bbox 1077 4471 1245 4535; x_wconf 86' lang='lat' dir='ltr'><strong>perpetuam</strong></span> <span class='ocrx_word' id='word_1_369' title='bbox 1259 4467 1429 4522; x_wconf 84' lang='lat' dir='ltr'><strong>memoriam</strong></span> <span class='ocrx_word' id='word_1_370' title='bbox 1440 4468 1473 4536; x_wconf 78' lang='lat' dir='ltr'><strong>(t)</strong></span> 
     </span>
     <span class='ocr_line' id='line_1_44' title="bbox 360 4548 1580 4617; baseline 0.002 -17"><span class='ocrx_word' id='word_1_371' title='bbox 360 4548 545 4603; x_wconf 81' lang='lat' dir='ltr'><strong>sacrosancta</strong></span> <span class='ocrx_word' id='word_1_372' title='bbox 561 4550 692 4604; x_wconf 86' lang='lat' dir='ltr'><strong>Romana</strong></span> <span class='ocrx_word' id='word_1_373' title='bbox 711 4549 833 4604; x_wconf 83' lang='lat' dir='ltr'><strong>eeclesia</strong></span> <span class='ocrx_word' id='word_1_374' title='bbox 843 4550 961 4604; x_wconf 76' lang='lat' dir='ltr'><strong>deuotus</strong></span> <span class='ocrx_word' id='word_1_375' title='bbox 979 4552 1009 4602; x_wconf 89' lang='lat' dir='ltr'><strong>et</strong></span> <span class='ocrx_word' id='word_1_376' title='bbox 1025 4549 1147 4606; x_wconf 84' lang='lat' dir='ltr'><strong>humiles</strong></span> <span class='ocrx_word' id='word_1_377' title='bbox 1163 4550 1238 4604; x_wconf 80' lang='lat' dir='ltr'><strong>filins</strong></span> <span class='ocrx_word' id='word_1_378' title='bbox 1250 4564 1286 4606; x_wconf 86' lang='lat' dir='ltr'><strong>ex</strong></span> <span class='ocrx_word' id='word_1_379' title='bbox 1306 4550 1428 4605; x_wconf 67' lang='lat' dir='ltr'><strong>usualis</strong></span> <span class='ocrx_word' id='word_1_380' title='bbox 1439 4551 1580 4617; x_wconf 80' lang='lat' dir='ltr'><strong>pietatis</strong></span> 
     </span>
    </p>
   </div>
   <div class='ocr_carea' id='block_1_8' title="bbox 0 0 1599 5340">
    <p class='ocr_par' dir='ltr' id='par_1_11' title="bbox 0 0 1599 5340">
     <span class='ocr_line' id='line_1_45' title="bbox 0 0 1599 5340; baseline 0 0"><span class='ocrx_word' id='word_1_381' title='bbox 0 0 1599 5340; x_wconf 95' lang='lat' dir='ltr'><strong> </strong></span> 
     </span>
    </p>
   </div>
  </div>
 </body>
</html>
