3188 5340
718 457 821 510 ANNO
842 455 906 506 1517
1375 451 1424 503 2115

192 628 372 716 ailreuring
387 627 479 696 luoht
496 646 575 694 over
593 626 652 694 het
668 623 791 692 offeren
805 643 869 690 van
884 619 1098 690 washaarsen
1116 641 1157 687 en
1174 620 1295 688 andere
1319 618 1424 707 gihon

195 724 1106 818 61116161Ηοῦ1686666666166166116611166116661
1123 723 1240 804 116616,
1255 723 1423 810 zeggende

194 835 251 904 dat
264 857 340 904 men
355 835 435 903 daar
452 833 523 902 veel
541 832 768 919 verstandiger
781 831 862 919 spijs
878 850 920 897 en
935 829 1041 896 drank
1055 847 1115 894 zou
1132 848 1202 895 mee
1219 826 1360 915 koopen.
1374 827 1422 915 Op

195 939 407 1026 verschillige
422 939 571 1026 pleatsen
597 958 637 1005 en
663 936 696 1003 in
719 933 900 1022 oneerlijke
916 929 1133 999 drinhhuizeu
1149 929 1350 1017 beschimpte
1374 930 1419 1020 hij

194 1043 258 1110 den
283 1043 389 1110 deken
414 1063 455 1109 66
484 1042 542 1110 het
566 1034 1203 1128 16611611661661116616166661616
1226 1033 1365 1120 burgers
1381 1055 1422 1103 en

194 1146 259 1214 den
283 1145 479 1234 magistraat
494 1146 553 1212 der
569 1143 655 1212 stad.
675 1145 720 1210 De
736 1140 930 1230 geestelijke
946 1160 987 1207 en
1004 1137 1210 1227 wereldlijke
1234 1139 1421 1207 overheden

192 1248 748 1334 61661616611666166666666666,
775 1245 826 1312 die
849 1251 948 1332 tegen
966 1244 1028 1310 den
1055 1240 1254 1310 verdaohten
1280 1242 1422 1331 priester

191 1353 256 1421 ists
280 1357 313 1421 te
327 1353 484 1440 getuigen
496 1350 637 1431 hebben,
656 1350 764 1417 zullen
777 1349 912 1416 deartoe
929 1347 1084 1415 driemaal
1099 1346 1233 1413 worden
1246 1346 1417 1435 gedaagd3

192 1457 320 1524 166666
331 1457 382 1523 aal
399 1456 439 1523 de
455 1455 592 1523 officiani
608 1458 658 1524 tot
674 1453 733 1522 het
749 1451 983 1520 veroordeelen
999 1450 1036 1517 oi
1047 1450 1257 1538 vrijspreken
1273 1472 1338 1520 van
1355 1451 1418 1518 den

191 1558 337 1647 priester
351 1579 529 1646 overgaan.
548 1557 595 1645 06
612 1556 675 1625 166
691 1556 853 1624 16661661
870 1577 911 1623 66
928 1575 968 1643 66
985 1575 1065 1622 6666
1089 1548 1241 1642 geldboet
1258 1551 1421 1621 666166-

192 1662 275 1732 1661
287 1662 383 1730 mark
399 1662 457 1751 hjn
474 1662 559 1749 goud
577 1662 686 1729 werdt
709 1659 968 1728 ondertusschen
992 1657 1156 1726 verboden
1181 1659 1243 1725 iets
1258 1661 1357 1744 tegen
1381 1655 1422 1722 de

192 1766 333 1835 rechten
357 1766 417 1834 der
447 1764 643 1854 goestelijlre
670 1762 853 1832 rechtbanlr
882 1762 919 1829 oi
937 1762 1001 1829 den
1016 1759 1248 1849 beschuldigde
1271 1760 1308 1828 oi
1334 1759 1421 1848 aijne

190 1870 356 1958 goederen
381 1873 415 1938 te
431 1869 664 1937 ondernemen.
691 1871 811 1958 (Fraus
828 1864 1034 1948 Troissoubz,
1060 1866 1167 1933 delren
1184 1885 1248 1933 van
1265 1863 1416 1943 Helchin‚

190 1975 364 2043 verlxleart
378 1972 481 2041 onder
497 1973 555 2041 het
571 1973 661 2054 stuli,
678 1972 735 2040 dat
750 1972 796 2060 hij
814 1991 877 2039 san
894 1970 972 2039 dere
988 1973 1062 2039 acte
1079 1969 1169 2039 heeft
1184 1970 1304 2058 gevolg
1321 1987 1421 2056 gege-

189 2094 256 2145 ven
281 2099 323 2166 op
345 2079 368 2146 5
390 2074 583 2165 September
609 2075 724 2166 1517.)

389 2248 433 2303 La
448 2252 477 2303 6·
487 2251 558 2321 ferie
573 2264 656 2319 apres
673 2248 702 2302 ln
719 2248 875 2303 1666161166
891 2248 926 2302 dc
940 2249 968 2304 S.
987 2249 1062 2304 leon
1078 2247 1217 2316 Baptista

225 2361 365 2414 officialis
388 2362 578 2415 Tornacensis
596 2363 726 2415 omnibus
748 2363 924 2429 presbyteris
944 2363 974 2415 et
993 2362 1112 2426 notariis
1141 2360 1223 2411 nobis
1239 2358 1360 2411 subditis
1383 2359 1418 2410 ad

188 2459 263 2510 quos
275 2458 325 2496 seu
337 2458 423 2509 quem
434 2447 531 2497 nostre
543 2447 691 2512 presentes
703 2446 800 2497 littere
812 2445 1007 2511 peruenerint,
1020 2444 1142 2496 salutem
1151 2443 1182 2494 in
1193 2442 1325 2494 Domino.

224 2527 296 2579 Cum
308 2540 361 2578 nos
372 2528 542 2594 magistrum
552 2528 724 2593 1666661666
736 2528 843 2579 dictum
854 2529 872 2580 J
875 2528 994 2579 ohannis
1007 2526 1157 2588 Fournier,
1170 2524 1307 2577 clericum
1317 2523 1418 2590 prisio-

188 2610 312 2671 narium‚
319 2609 524 2675 justiciabilem
534 2612 671 2673 nostrum,
683 2624 773 2674 nuper
782 2624 834 2676 per
845 2609 1028 2662 honorabiles
1036 2610 1112 2661 viros
1121 2608 1250 2659 dominos
1259 2607 1419 2672 prepositos

185 2695 219 2744 ct
238 2693 350 2757 juratos
361 2691 447 2745 huius
458 2691 526 2745 ville
544 2696 573 2744 61
590 2693 716 2744 ciuitatis
727 2693 916 2745 'l'ornacensis
934 2693 969 2744 de
986 2706 1086 2744 corum
1108 2691 1242 2743 mandato
1263 2691 1377 2755 captum
1389 2690 1420 2741 et

186 2775 271 2827 nobis
284 2775 421 2827 canonice
437 2776 613 2841 puniendum
625 2776 789 2827 restitutum
799 2776 831 2840 jn
852 2776 957 2826 nostris
974 2775 1108 2841 prisonljs
1125 2773 1229 2825 clausis
1241 2773 1418 2825 detineamus

184 2856 379 2923 corporaliter
389 2859 592 2923 mancipatum,
604 2858 698 2924 parati
710 2858 863 2922 unicuique
875 2859 910 2910 de
922 2859 1085 2924 supradicto
1096 2855 1268 2922 prisionario
1280 2856 1377 2905 nostro
1386 2868 1417 2906 66

184 2941 265 3006 juste
289 2941 426 3004 conqueri
452 2940 560 2993 volenti
582 2941 688 2992 bonum
709 2942 738 2991 et
761 2941 848 2992 breue
868 2941 982 3006 justicie
1007 2939 1247 3006 complementum
1269 2935 1417 3001 exhibere,

186 3025 309 3089 ipseque
326 3023 514 3088 prisionarius
535 3025 632 3075 noster
651 3036 682 3075 66
700 3022 804 3074 6116111
822 3024 852 3075 61
874 3023 959 3074 offert
975 3025 1051 3075 stare
1070 3023 1241 3088 1661666666
1262 3019 1343 3070 nobis
1365 3032 1416 3070 suo

186 3106 285 3171 judice
297 3106 443 3158 ordinario
466 3106 497 3159 61
516 3106 710 3158 ecclesiastico
731 3107 831 3157 contra
853 3107 883 3158 61
902 3106 1039 3157 aduersus
1058 3115 1251 3169 quoscumque
1268 3102 1304 3153 de
1315 3101 1416 3153 eodem

186 3188 295 3240 clerieo
304 3200 336 3240 se
346 3188 421 3253 juste
434 3189 570 3252 conqueri
582 3189 710 3241 volentes
719 3190 755 3241 16
766 3191 795 3241 61
806 3201 892 3254 66666
908 3189 1055 3253 quibusuis
1068 3186 1244 3252 criminibus,
1254 3184 1416 3236 excessibus

186 3272 217 3323 et
229 3270 342 3323 delictis
353 3271 446 3323 eidem
459 3271 564 3322 6166166
576 3271 749 3336 prisionario
762 3272 859 3323 nostro
872 3272 1013 3337 impositis
1022 3285 1072 3324 seu
1084 3270 1263 3336 imponendis
1276 3285 1283 3333 3

221 3353 259 3405 Et
270 3353 418 3419 signanter
430 3353 465 3405 de
477 3357 507 3404 61
519 3367 605 3419 66666
622 3367 657 3406 66
669 3356 745 3418 quod
757 3355 821 3419 ipse
830 3354 952 3405 clericus
963 3368 981 3406 a
992 3355 1078 3406 certis
1090 3354 1189 3406 diebus
1206 3353 1279 3404 citra
1290 3351 1415 3405 existens

183 3437 217 3500 jn
237 3436 361 3499 quadam
380 3436 501 3487 taberna
518 3434 678 3503 vulgariter
699 3437 861 3500 nuncupata
883 3435 908 3488 16
930 3443 1045 3489 16661661
1055 3436 1205 3502 parrochie
1222 3436 1306 3488 beate
1323 3436 1414 3488 Murie

185 3518 377 3570 Tornacensis
402 3517 507 3570 dixerit
519 3520 549 3570 et
560 3520 713 3584 protulerit
722 3521 754 3584 jn
765 3520 910 3584 presentia
921 3519 1046 3586 plurium
1058 3521 1184 3571 virorum
1193 3519 1414 3586 fidedignorum,

184 3600 263 3665 quod
280 3601 311 3664 jn
322 3602 431 3653 ieretro
444 3602 585 3653 existente
597 3617 684 3668 supra
701 3616 842 3654 summum
858 3601 948 3655 altare
966 3602 1087 3656 ecclesie
1104 3603 1290 3655 ‘l'ornacensis
1303 3604 1415 3655 nonest

184 3697 239 3735 666
250 3683 407 3747 requiescit
418 3697 522 3748 corpus
534 3685 610 3736 beati
623 3684 793 3750 Eleutherij‚
806 3683 856 3736 sed
867 3687 962 3752 potius
971 3685 1075 3752 gallice
1084 3682 1110 3738 16
1120 3699 1201 3752 corps
1208 3683 1414 3752 dunrcpnnrt3

219 3766 294 3818 Item
305 3766 403 3827 etiam,
413 3765 499 3830 quod,
512 3767 579 3819 dum
592 3769 721 3832 tempore
730 3770 829 3834 pestis,
843 3783 898 3833 que
908 3770 939 3835 jn
951 3767 1005 3820 hac
1017 3769 1133 3821 ciuitate
1146 3768 1300 3820 nouissime
1311 3769 1412 3835 viguit,

184 3848 256 3900 dum
275 3861 371 3899 coram
392 3853 573 3902 sacrosancto
599 3850 771 3904 eucharistie
791 3853 968 3905 sacramento
985 3866 1018 3903 ac
1040 3865 1136 3904 coram
1159 3852 1292 3918 ymagine
1314 3851 1417 3904 beatis·

183 3931 259 3983 sime
277 3931 397 3997 virginis
414 3932 505 3985 Marte
518 3931 713 3986 offerebantur
733 3948 785 4000 666
803 3933 1003 3987 christifideles
1018 3935 1094 3986 cerei
1111 3934 1244 3986 ardentes
1255 3934 1285 3986 et
1300 3933 1358 3985 6116
1377 3934 1412 3985 61

182 4013 317 4065 diuinum
339 4012 448 4067 cultum
469 4016 627 4068 seruientia
647 4017 683 4068 61
700 4018 925 4070 misericordiam
943 4017 997 4070 Dei
1020 4016 1222 4082 omnipotentis
1241 4017 1271 4069 et
1289 4016 1413 4082 gratiam

182 4096 380 4157 obtinendam.
404 4096 466 4162 lpse
489 4097 611 4150 clericus
634 4099 721 4152 ctiam
741 4100 772 4151 iu
789 4101 918 4166 predicte
941 4100 1062 4152 ecelesia
1084 4096 1258 4152 'l'ornacensi
1275 4100 1305 4152 et
1315 4112 1412 4150 coram

181 4177 292 4244 populo
303 4177 598 4247 ibidemcongregato
619 4182 767 4247 sepissime
788 4182 903 4244 dixerit,
921 4183 996 4247 quod
1008 4181 1155 4234 maluisset
1166 4184 1196 4234 et
1217 4183 1320 4234 melius
1337 4181 1413 4233 esset

181 4261 330 4327 predictos
339 4274 438 4314 666666
450 4263 479 4315 61
491 4263 549 4315 6116
560 4265 645 4329 1666,
657 4277 712 4329 que
723 4266 831 4331 jbidem
843 4266 1046 4326 offerebantur,
1063 4266 1099 4316 ad
1111 4265 1264 4317 bibendum
1281 4266 1312 4317 et
1320 4277 1411 4334 comc7

181 4343 310 4396 dendum
330 4357 485 4411 exponere,
506 4359 559 4411 per
576 4345 630 4398 hec
651 4348 738 4399 verba
760 4350 790 4400 et
812 4347 917 4399 similia
940 4348 1001 4413 pias
1022 4349 1132 4400 mentes
1148 4347 1318 4412 jncollarum
1335 4347 1411 4400 11611

180 4426 313 4478 ciuitatis
324 4426 360 4478 de
371 4427 445 4478 bono
457 4429 626 4481 subuertere
638 4430 753 4481 nitendo
765 4445 772 4494 ;

217 4508 293 4563 Item
305 4509 403 4581 ctiam,
425 4511 501 4578 quod
520 4511 584 4579 ipse
605 4524 672 4566 rous
691 4510 870 4568 6616616116
889 4513 1094 4566 accumulando
1113 4512 1313 4581 quamplures
1329 4514 1358 4567 et
1375 4513 1408 4582 jn
