<?xml version="1.0" encoding="UTF-8"?>
<!DOCTYPE html PUBLIC "-//W3C//DTD XHTML 1.0 Transitional//EN"
    "http://www.w3.org/TR/xhtml1/DTD/xhtml1-transitional.dtd">
<html xmlns="http://www.w3.org/1999/xhtml" xml:lang="en" lang="en">
 <head>
  <title>
</title>
<meta http-equiv="Content-Type" content="text/html;charset=utf-8" />
  <meta name='ocr-system' content='tesseract 3.04.00' />
  <meta name='ocr-capabilities' content='ocr_page ocr_carea ocr_par ocr_line ocrx_word'/>
</head>
<body>
  <div class='ocr_page' id='page_1' title='image "./corpusdocumento00frgoog_0051.png"; bbox 0 0 3256 5324; ppageno 0'>
   <div class='ocr_carea' id='block_1_1' title="bbox 344 491 1086 551">
    <p class='ocr_par' dir='ltr' id='par_1_1' title="bbox 344 491 1086 551">
     <span class='ocr_line' id='line_1_1' title="bbox 344 491 1086 551; baseline 0.008 -6"><span class='ocrx_word' id='word_1_1' title='bbox 344 491 378 545; x_wconf 73' lang='lat'>20</span> <span class='ocrx_word' id='word_1_2' title='bbox 823 495 928 550; x_wconf 81' lang='lat' dir='ltr'>ANNO</span> <span class='ocrx_word' id='word_1_3' title='bbox 946 498 1086 551; x_wconf 63' lang='lat' dir='ltr'>liventi</span> 
     </span>
    </p>
   </div>
   <div class='ocr_carea' id='block_1_2' title="bbox 332 660 1573 4617">
    <p class='ocr_par' dir='ltr' id='par_1_2' title="bbox 339 660 1573 1058">
     <span class='ocr_line' id='line_1_2' title="bbox 341 660 1571 733; baseline 0.008 -19"><span class='ocrx_word' id='word_1_4' title='bbox 341 661 440 714; x_wconf 87' lang='lat' dir='ltr'>serunt</span> <span class='ocrx_word' id='word_1_5' title='bbox 456 662 485 714; x_wconf 87' lang='lat' dir='ltr'>et</span> <span class='ocrx_word' id='word_1_6' title='bbox 495 660 622 714; x_wconf 86' lang='lat' dir='ltr'>sentiunt</span> <span class='ocrx_word' id='word_1_7' title='bbox 631 661 815 714; x_wconf 88' lang='lat' dir='ltr'>annunciare.</span> <span class='ocrx_word' id='word_1_8' title='bbox 829 661 934 714; x_wconf 86' lang='lat' dir='ltr'>christi</span> <span class='ocrx_word' id='word_1_9' title='bbox 947 664 1039 731; x_wconf 86' lang='lat' dir='ltr'>igitur</span> <span class='ocrx_word' id='word_1_10' title='bbox 1050 665 1123 717; x_wconf 91' lang='lat' dir='ltr'>bono</span> <span class='ocrx_word' id='word_1_11' title='bbox 1137 665 1226 718; x_wconf 91' lang='lat' dir='ltr'>odore</span> <span class='ocrx_word' id='word_1_12' title='bbox 1239 663 1306 718; x_wconf 88' lang='lat' dir='ltr'>aliis</span> <span class='ocrx_word' id='word_1_13' title='bbox 1325 667 1401 721; x_wconf 88' lang='lat' dir='ltr'>vitae</span> <span class='ocrx_word' id='word_1_14' title='bbox 1419 669 1449 723; x_wconf 91' lang='lat' dir='ltr'>ln</span> <span class='ocrx_word' id='word_1_15' title='bbox 1468 669 1571 733; x_wconf 80' lang='lat' dir='ltr'>vitam,</span> 
     </span>
     <span class='ocr_line' id='line_1_3' title="bbox 342 742 1573 815; baseline 0.006 -18"><span class='ocrx_word' id='word_1_16' title='bbox 342 742 406 797; x_wconf 87' lang='lat' dir='ltr'>aliis</span> <span class='ocrx_word' id='word_1_17' title='bbox 425 743 526 796; x_wconf 88' lang='lat' dir='ltr'>mortis</span> <span class='ocrx_word' id='word_1_18' title='bbox 545 743 576 794; x_wconf 90' lang='lat' dir='ltr'>in</span> <span class='ocrx_word' id='word_1_19' title='bbox 595 744 717 797; x_wconf 90' lang='lat' dir='ltr'>mortem</span> <span class='ocrx_word' id='word_1_20' title='bbox 738 744 959 810; x_wconf 75' lang='lat' dir='ltr'><strong>circumquaque</strong></span> <span class='ocrx_word' id='word_1_21' title='bbox 981 747 1073 814; x_wconf 90' lang='lat' dir='ltr'>magis</span> <span class='ocrx_word' id='word_1_22' title='bbox 1089 759 1122 800; x_wconf 85' lang='lat' dir='ltr'>ac</span> <span class='ocrx_word' id='word_1_23' title='bbox 1143 749 1235 815; x_wconf 88' lang='lat' dir='ltr'>magis</span> <span class='ocrx_word' id='word_1_24' title='bbox 1257 749 1395 815; x_wconf 75' lang='lat' dir='ltr'><strong>spirante,</strong></span> <span class='ocrx_word' id='word_1_25' title='bbox 1414 752 1519 804; x_wconf 83' lang='lat' dir='ltr'>accidit</span> <span class='ocrx_word' id='word_1_26' title='bbox 1535 753 1573 804; x_wconf 88' lang='lat' dir='ltr'>ut</span> 
     </span>
     <span class='ocr_line' id='line_1_4' title="bbox 341 825 1569 902; baseline 0.009 -25"><span class='ocrx_word' id='word_1_27' title='bbox 341 825 428 878; x_wconf 85' lang='lat' dir='ltr'>vicini</span> <span class='ocrx_word' id='word_1_28' title='bbox 449 825 596 891; x_wconf 75' lang='lat' dir='ltr'>cuiusdam</span> <span class='ocrx_word' id='word_1_29' title='bbox 612 826 690 892; x_wconf 88' lang='lat' dir='ltr'>opidi</span> <span class='ocrx_word' id='word_1_30' title='bbox 707 827 811 879; x_wconf 86' lang='lat' dir='ltr'>tratres</span> <span class='ocrx_word' id='word_1_31' title='bbox 822 827 857 879; x_wconf 86' lang='lat' dir='ltr'>ab</span> <span class='ocrx_word' id='word_1_32' title='bbox 866 827 1028 881; x_wconf 87' lang='lat' dir='ltr'>humilitate</span> <span class='ocrx_word' id='word_1_33' title='bbox 1045 832 1144 882; x_wconf 88' lang='lat' dir='ltr'>nostra</span> <span class='ocrx_word' id='word_1_34' title='bbox 1160 843 1191 883; x_wconf 88' lang='lat' dir='ltr'>se</span> <span class='ocrx_word' id='word_1_35' title='bbox 1209 845 1322 897; x_wconf 89' lang='lat' dir='ltr'>quoque</span> <span class='ocrx_word' id='word_1_36' title='bbox 1340 834 1489 887; x_wconf 88' lang='lat' dir='ltr'>erudiendi</span> <span class='ocrx_word' id='word_1_37' title='bbox 1501 848 1569 902; x_wconf 88' lang='lat' dir='ltr'>gra·</span> 
     </span>
     <span class='ocr_line' id='line_1_5' title="bbox 339 907 1568 980; baseline 0.01 -21"><span class='ocrx_word' id='word_1_38' title='bbox 339 907 382 959; x_wconf 91' lang='lat' dir='ltr'>tia</span> <span class='ocrx_word' id='word_1_39' title='bbox 397 907 594 973; x_wconf 83' lang='lat' dir='ltr'>trequentibus</span> <span class='ocrx_word' id='word_1_40' title='bbox 612 908 722 960; x_wconf 91' lang='lat' dir='ltr'>nunciis</span> <span class='ocrx_word' id='word_1_41' title='bbox 741 911 888 975; x_wconf 78' lang='lat' dir='ltr'>expeteret</span> <span class='ocrx_word' id='word_1_42' title='bbox 905 910 964 977; x_wconf 79' lang='lat' dir='ltr'>(sic)</span> <span class='ocrx_word' id='word_1_43' title='bbox 980 911 1152 976; x_wconf 78' lang='lat' dir='ltr'>tandemque</span> <span class='ocrx_word' id='word_1_44' title='bbox 1173 914 1315 966; x_wconf 90' lang='lat' dir='ltr'>veniendo</span> <span class='ocrx_word' id='word_1_45' title='bbox 1337 916 1568 980; x_wconf 75' lang='lat' dir='ltr'>acquiescentem</span> 
     </span>
     <span class='ocr_line' id='line_1_6' title="bbox 342 989 967 1058; baseline 0.003 -16"><span class='ocrx_word' id='word_1_46' title='bbox 342 990 411 1042; x_wconf 87' lang='lat' dir='ltr'>satis</span> <span class='ocrx_word' id='word_1_47' title='bbox 423 989 546 1057; x_wconf 92' lang='lat' dir='ltr'>benigne</span> <span class='ocrx_word' id='word_1_48' title='bbox 557 991 587 1042; x_wconf 90' lang='lat' dir='ltr'>et</span> <span class='ocrx_word' id='word_1_49' title='bbox 597 989 730 1043; x_wconf 75' lang='lat' dir='ltr'>hilariter</span> <span class='ocrx_word' id='word_1_50' title='bbox 740 992 886 1058; x_wconf 79' lang='lat' dir='ltr'>exciperet</span> <span class='ocrx_word' id='word_1_51' title='bbox 898 991 967 1058; x_wconf 78' lang='lat' dir='ltr'>(sic).</span> 
     </span>
    </p>

    <p class='ocr_par' dir='ltr' id='par_1_3' title="bbox 333 1072 1570 4032">
     <span class='ocr_line' id='line_1_7' title="bbox 372 1072 1569 1145; baseline 0.006 -20"><span class='ocrx_word' id='word_1_52' title='bbox 372 1072 443 1125; x_wconf 80' lang='lat' dir='ltr'>Erat</span> <span class='ocrx_word' id='word_1_53' title='bbox 454 1074 550 1125; x_wconf 86' lang='lat' dir='ltr'>autem</span> <span class='ocrx_word' id='word_1_54' title='bbox 561 1073 591 1123; x_wconf 92' lang='lat' dir='ltr'>in</span> <span class='ocrx_word' id='word_1_55' title='bbox 608 1074 708 1124; x_wconf 95' lang='lat' dir='ltr'>eodem</span> <span class='ocrx_word' id='word_1_56' title='bbox 725 1074 828 1140; x_wconf 91' lang='lat' dir='ltr'>oppido</span> <span class='ocrx_word' id='word_1_57' title='bbox 846 1077 875 1126; x_wconf 91' lang='lat' dir='ltr'>et</span> <span class='ocrx_word' id='word_1_58' title='bbox 888 1075 918 1126; x_wconf 95' lang='lat' dir='ltr'>in</span> <span class='ocrx_word' id='word_1_59' title='bbox 930 1076 1140 1142; x_wconf 82' lang='lat' dir='ltr'>circumpositis</span> <span class='ocrx_word' id='word_1_60' title='bbox 1153 1075 1230 1128; x_wconf 81' lang='lat' dir='ltr'>villis</span> <span class='ocrx_word' id='word_1_61' title='bbox 1241 1079 1417 1132; x_wconf 88' lang='lat' dir='ltr'>consuetudo</span> <span class='ocrx_word' id='word_1_62' title='bbox 1429 1091 1569 1145; x_wconf 85' lang='lat' dir='ltr'>perversa</span> 
     </span>
     <span class='ocr_line' id='line_1_8' title="bbox 341 1154 1569 1229; baseline 0.008 -23"><span class='ocrx_word' id='word_1_63' title='bbox 341 1156 371 1207; x_wconf 91' lang='lat' dir='ltr'>et</span> <span class='ocrx_word' id='word_1_64' title='bbox 387 1154 573 1218; x_wconf 85' lang='lat' dir='ltr'>detestabilis,</span> <span class='ocrx_word' id='word_1_65' title='bbox 593 1156 661 1221; x_wconf 93' lang='lat' dir='ltr'>quia</span> <span class='ocrx_word' id='word_1_66' title='bbox 677 1155 810 1208; x_wconf 88' lang='lat' dir='ltr'>videlicet</span> <span class='ocrx_word' id='word_1_67' title='bbox 827 1171 845 1209; x_wconf 90' lang='lat' dir='ltr'>a</span> <span class='ocrx_word' id='word_1_68' title='bbox 866 1159 1013 1224; x_wconf 81' lang='lat' dir='ltr'>baptisatis</span> <span class='ocrx_word' id='word_1_69' title='bbox 1028 1159 1164 1226; x_wconf 89' lang='lat' dir='ltr'>parvulis,</span> <span class='ocrx_word' id='word_1_70' title='bbox 1178 1161 1212 1211; x_wconf 90' lang='lat' dir='ltr'>ab</span> <span class='ocrx_word' id='word_1_71' title='bbox 1225 1161 1398 1227; x_wconf 86' lang='lat' dir='ltr'>inungendis</span> <span class='ocrx_word' id='word_1_72' title='bbox 1415 1163 1535 1229; x_wconf 76' lang='lat' dir='ltr'>egrotis,</span> <span class='ocrx_word' id='word_1_73' title='bbox 1549 1176 1569 1216; x_wconf 86' lang='lat' dir='ltr'>a</span> 
     </span>
     <span class='ocr_line' id='line_1_9' title="bbox 342 1238 1570 1309; baseline 0.005 -19"><span class='ocrx_word' id='word_1_74' title='bbox 342 1238 561 1304; x_wconf 85' lang='lat' dir='ltr'>suscipientibus</span> <span class='ocrx_word' id='word_1_75' title='bbox 577 1239 712 1290; x_wconf 88' lang='lat' dir='ltr'>viaticum</span> <span class='ocrx_word' id='word_1_76' title='bbox 722 1240 879 1303; x_wconf 87' lang='lat' dir='ltr'>morituris,</span> <span class='ocrx_word' id='word_1_77' title='bbox 897 1241 1098 1308; x_wconf 86' lang='lat' dir='ltr'>asepeliendis</span> <span class='ocrx_word' id='word_1_78' title='bbox 1112 1243 1252 1296; x_wconf 74' lang='lat' dir='ltr'>defunctis</span> <span class='ocrx_word' id='word_1_79' title='bbox 1263 1245 1361 1309; x_wconf 86' lang='lat' dir='ltr'>precia</span> <span class='ocrx_word' id='word_1_80' title='bbox 1375 1244 1525 1299; x_wconf 82' lang='lat' dir='ltr'>manitcste</span> <span class='ocrx_word' id='word_1_81' title='bbox 1536 1247 1570 1298; x_wconf 90' lang='lat' dir='ltr'>et</span> 
     </span>
     <span class='ocr_line' id='line_1_10' title="bbox 340 1319 1567 1394; baseline 0.005 -21"><span class='ocrx_word' id='word_1_82' title='bbox 340 1319 541 1381; x_wconf 82' lang='lat' dir='ltr'>irreverenter,</span> <span class='ocrx_word' id='word_1_83' title='bbox 558 1333 593 1372; x_wconf 93' lang='lat' dir='ltr'>ne</span> <span class='ocrx_word' id='word_1_84' title='bbox 605 1319 698 1372; x_wconf 67' lang='lat' dir='ltr'>dimna</span> <span class='ocrx_word' id='word_1_85' title='bbox 710 1319 862 1384; x_wconf 87' lang='lat' dir='ltr'>violenter,</span> <span class='ocrx_word' id='word_1_86' title='bbox 874 1321 1059 1388; x_wconf 87' lang='lat' dir='ltr'>tollebantur,</span> <span class='ocrx_word' id='word_1_87' title='bbox 1072 1324 1123 1377; x_wconf 88' lang='lat' dir='ltr'>sed</span> <span class='ocrx_word' id='word_1_88' title='bbox 1133 1323 1234 1386; x_wconf 88' lang='lat' dir='ltr'>adhuc,</span> <span class='ocrx_word' id='word_1_89' title='bbox 1253 1323 1326 1377; x_wconf 89' lang='lat' dir='ltr'>heu!</span> <span class='ocrx_word' id='word_1_90' title='bbox 1342 1325 1491 1378; x_wconf 90' lang='lat' dir='ltr'>tolluntur.</span> <span class='ocrx_word' id='word_1_91' title='bbox 1501 1325 1567 1394; x_wconf 85' lang='lat' dir='ltr'>Itgo</span> 
     </span>
     <span class='ocr_line' id='line_1_11' title="bbox 341 1401 1568 1475; baseline 0.006 -21"><span class='ocrx_word' id='word_1_92' title='bbox 341 1402 437 1468; x_wconf 82' lang='lat' dir='ltr'>itaque</span> <span class='ocrx_word' id='word_1_93' title='bbox 460 1402 490 1453; x_wconf 92' lang='lat' dir='ltr'>in</span> <span class='ocrx_word' id='word_1_94' title='bbox 507 1401 628 1454; x_wconf 88' lang='lat' dir='ltr'>ecclesia</span> <span class='ocrx_word' id='word_1_95' title='bbox 646 1403 767 1468; x_wconf 88' lang='lat' dir='ltr'>quadam</span> <span class='ocrx_word' id='word_1_96' title='bbox 792 1403 979 1472; x_wconf 77' lang='lat' dir='ltr'>regularium,</span> <span class='ocrx_word' id='word_1_97' title='bbox 996 1407 1028 1458; x_wconf 92' lang='lat' dir='ltr'>ut</span> <span class='ocrx_word' id='word_1_98' title='bbox 1047 1406 1163 1469; x_wconf 90' lang='lat' dir='ltr'>dicitur,</span> <span class='ocrx_word' id='word_1_99' title='bbox 1177 1408 1380 1460; x_wconf 86' lang='lat' dir='ltr'>canonicorum</span> <span class='ocrx_word' id='word_1_100' title='bbox 1395 1406 1568 1475; x_wconf 72' lang='lat' dir='ltr'>hospitatus,</span> 
     </span>
     <span class='ocr_line' id='line_1_12' title="bbox 339 1483 1568 1556; baseline 0.003 -19"><span class='ocrx_word' id='word_1_101' title='bbox 339 1486 408 1537; x_wconf 90' lang='lat' dir='ltr'>dum</span> <span class='ocrx_word' id='word_1_102' title='bbox 418 1486 518 1536; x_wconf 91' lang='lat' dir='ltr'>contra</span> <span class='ocrx_word' id='word_1_103' title='bbox 535 1483 610 1535; x_wconf 88' lang='lat' dir='ltr'>hunc</span> <span class='ocrx_word' id='word_1_104' title='bbox 628 1484 758 1536; x_wconf 92' lang='lat' dir='ltr'>morbum</span> <span class='ocrx_word' id='word_1_105' title='bbox 775 1488 804 1537; x_wconf 92' lang='lat' dir='ltr'>et</span> <span class='ocrx_word' id='word_1_106' title='bbox 815 1487 911 1537; x_wconf 87' lang='lat' dir='ltr'>cetera</span> <span class='ocrx_word' id='word_1_107' title='bbox 923 1500 1035 1552; x_wconf 84' lang='lat' dir='ltr'>queque</span> <span class='ocrx_word' id='word_1_108' title='bbox 1046 1487 1122 1539; x_wconf 88' lang='lat' dir='ltr'>vicia</span> <span class='ocrx_word' id='word_1_109' title='bbox 1132 1488 1239 1539; x_wconf 86' lang='lat' dir='ltr'>acriter</span> <span class='ocrx_word' id='word_1_110' title='bbox 1249 1487 1426 1553; x_wconf 85' lang='lat' dir='ltr'>disputarem</span> <span class='ocrx_word' id='word_1_111' title='bbox 1436 1488 1568 1556; x_wconf 85' lang='lat' dir='ltr'>etdispu·</span> 
     </span>
     <span class='ocr_line' id='line_1_13' title="bbox 337 1566 1568 1637; baseline 0.002 -17"><span class='ocrx_word' id='word_1_112' title='bbox 337 1568 423 1621; x_wconf 85' lang='lat' dir='ltr'>tando</span> <span class='ocrx_word' id='word_1_113' title='bbox 440 1567 619 1632; x_wconf 84' lang='lat' dir='ltr'>proficerem,</span> <span class='ocrx_word' id='word_1_114' title='bbox 636 1567 723 1618; x_wconf 91' lang='lat' dir='ltr'>immo</span> <span class='ocrx_word' id='word_1_115' title='bbox 740 1566 900 1632; x_wconf 89' lang='lat' dir='ltr'>ecclesiam,</span> <span class='ocrx_word' id='word_1_116' title='bbox 919 1568 978 1622; x_wconf 90' lang='lat' dir='ltr'>Deo</span> <span class='ocrx_word' id='word_1_117' title='bbox 996 1571 1078 1632; x_wconf 88' lang='lat' dir='ltr'>teste,</span> <span class='ocrx_word' id='word_1_118' title='bbox 1096 1570 1237 1636; x_wconf 87' lang='lat' dir='ltr'>prolicere</span> <span class='ocrx_word' id='word_1_119' title='bbox 1259 1571 1426 1637; x_wconf 72' lang='lat' dir='ltr'>gauderem,</span> <span class='ocrx_word' id='word_1_120' title='bbox 1445 1572 1516 1623; x_wconf 87' lang='lat' dir='ltr'>vidit</span> <span class='ocrx_word' id='word_1_121' title='bbox 1535 1574 1568 1625; x_wconf 90' lang='lat' dir='ltr'>et</span> 
     </span>
     <span class='ocr_line' id='line_1_14' title="bbox 339 1647 1566 1718; baseline 0.002 -16"><span class='ocrx_word' id='word_1_122' title='bbox 339 1650 441 1702; x_wconf 88' lang='lat' dir='ltr'>invidit</span> <span class='ocrx_word' id='word_1_123' title='bbox 457 1647 579 1700; x_wconf 89' lang='lat' dir='ltr'>humane</span> <span class='ocrx_word' id='word_1_124' title='bbox 591 1647 691 1700; x_wconf 85' lang='lat' dir='ltr'>salutis</span> <span class='ocrx_word' id='word_1_125' title='bbox 708 1649 841 1702; x_wconf 90' lang='lat' dir='ltr'>inimicus</span> <span class='ocrx_word' id='word_1_126' title='bbox 853 1653 1001 1716; x_wconf 91' lang='lat' dir='ltr'>totumque</span> <span class='ocrx_word' id='word_1_127' title='bbox 1014 1665 1044 1705; x_wconf 90' lang='lat' dir='ltr'>se</span> <span class='ocrx_word' id='word_1_128' title='bbox 1061 1654 1181 1718; x_wconf 85' lang='lat' dir='ltr'>repente</span> <span class='ocrx_word' id='word_1_129' title='bbox 1193 1653 1320 1705; x_wconf 90' lang='lat' dir='ltr'>obiciens</span> <span class='ocrx_word' id='word_1_130' title='bbox 1334 1667 1422 1704; x_wconf 93' lang='lat' dir='ltr'>unum</span> <span class='ocrx_word' id='word_1_131' title='bbox 1433 1665 1450 1704; x_wconf 92' lang='lat' dir='ltr'>e</span> <span class='ocrx_word' id='word_1_132' title='bbox 1467 1653 1566 1705; x_wconf 86' lang='lat' dir='ltr'>tratri·</span> 
     </span>
     <span class='ocr_line' id='line_1_15' title="bbox 340 1731 1567 1800; baseline 0.002 -16"><span class='ocrx_word' id='word_1_133' title='bbox 340 1734 392 1784; x_wconf 91' lang='lat' dir='ltr'>bus</span> <span class='ocrx_word' id='word_1_134' title='bbox 403 1732 576 1796; x_wconf 87' lang='lat' dir='ltr'>memoratis,</span> <span class='ocrx_word' id='word_1_135' title='bbox 595 1731 644 1794; x_wconf 92' lang='lat' dir='ltr'>qui</span> <span class='ocrx_word' id='word_1_136' title='bbox 660 1744 761 1783; x_wconf 91' lang='lat' dir='ltr'>nomen</span> <span class='ocrx_word' id='word_1_137' title='bbox 779 1733 909 1798; x_wconf 80' lang='lat' dir='ltr'>magistri</span> <span class='ocrx_word' id='word_1_138' title='bbox 928 1734 1003 1797; x_wconf 93' lang='lat' dir='ltr'>quod</span> <span class='ocrx_word' id='word_1_139' title='bbox 1020 1736 1137 1786; x_wconf 83' lang='lat' dir='ltr'>eatenus</span> <span class='ocrx_word' id='word_1_140' title='bbox 1154 1736 1326 1800; x_wconf 74' lang='lat' dir='ltr'>gestaverat,</span> <span class='ocrx_word' id='word_1_141' title='bbox 1343 1735 1489 1800; x_wconf 91' lang='lat' dir='ltr'>presentia</span> <span class='ocrx_word' id='word_1_142' title='bbox 1498 1748 1567 1787; x_wconf 83' lang='lat' dir='ltr'>mea</span> 
     </span>
     <span class='ocr_line' id='line_1_16' title="bbox 338 1816 1565 1884; baseline -0.001 -14"><span class='ocrx_word' id='word_1_143' title='bbox 338 1816 500 1870; x_wconf 85' lang='lat' dir='ltr'>obnubilari</span> <span class='ocrx_word' id='word_1_144' title='bbox 512 1817 666 1877; x_wconf 84' lang='lat' dir='ltr'>metuebat,</span> <span class='ocrx_word' id='word_1_145' title='bbox 682 1816 805 1880; x_wconf 91' lang='lat' dir='ltr'>primum</span> <span class='ocrx_word' id='word_1_146' title='bbox 818 1816 924 1868; x_wconf 81' lang='lat' dir='ltr'>invidie</span> <span class='ocrx_word' id='word_1_147' title='bbox 932 1817 999 1868; x_wconf 86' lang='lat' dir='ltr'>tabo</span> <span class='ocrx_word' id='word_1_148' title='bbox 1011 1817 1178 1884; x_wconf 87' lang='lat' dir='ltr'>corrumpit,</span> <span class='ocrx_word' id='word_1_149' title='bbox 1190 1816 1292 1870; x_wconf 91' lang='lat' dir='ltr'>dehinc</span> <span class='ocrx_word' id='word_1_150' title='bbox 1306 1818 1398 1869; x_wconf 86' lang='lat' dir='ltr'>totum</span> <span class='ocrx_word' id='word_1_151' title='bbox 1409 1829 1483 1883; x_wconf 89' lang='lat' dir='ltr'>pene</span> <span class='ocrx_word' id='word_1_152' title='bbox 1497 1832 1565 1869; x_wconf 90' lang='lat' dir='ltr'>con·</span> 
     </span>
     <span class='ocr_line' id='line_1_17' title="bbox 338 1897 1565 1965; baseline 0.002 -15"><span class='ocrx_word' id='word_1_153' title='bbox 338 1900 453 1951; x_wconf 87' lang='lat' dir='ltr'>ventum</span> <span class='ocrx_word' id='word_1_154' title='bbox 469 1897 547 1950; x_wconf 89' lang='lat' dir='ltr'>illius</span> <span class='ocrx_word' id='word_1_155' title='bbox 570 1897 691 1951; x_wconf 89' lang='lat' dir='ltr'>ecclesie</span> <span class='ocrx_word' id='word_1_156' title='bbox 703 1911 856 1962; x_wconf 91' lang='lat' dir='ltr'>omnesque</span> <span class='ocrx_word' id='word_1_157' title='bbox 873 1898 945 1950; x_wconf 91' lang='lat' dir='ltr'>alios</span> <span class='ocrx_word' id='word_1_158' title='bbox 964 1901 1193 1965; x_wconf 86' lang='lat' dir='ltr'>supradictorum</span> <span class='ocrx_word' id='word_1_159' title='bbox 1208 1900 1371 1952; x_wconf 80' lang='lat' dir='ltr'>venditores</span> <span class='ocrx_word' id='word_1_160' title='bbox 1383 1902 1413 1952; x_wconf 90' lang='lat' dir='ltr'>et</span> <span class='ocrx_word' id='word_1_161' title='bbox 1432 1902 1565 1965; x_wconf 89' lang='lat' dir='ltr'>questum</span> 
     </span>
     <span class='ocr_line' id='line_1_18' title="bbox 338 1980 1565 2049; baseline 0.002 -17"><span class='ocrx_word' id='word_1_162' title='bbox 338 1981 474 2047; x_wconf 87' lang='lat' dir='ltr'>pietatem</span> <span class='ocrx_word' id='word_1_163' title='bbox 494 1981 670 2046; x_wconf 88' lang='lat' dir='ltr'>deputantes,</span> <span class='ocrx_word' id='word_1_164' title='bbox 692 1980 794 2031; x_wconf 88' lang='lat' dir='ltr'>similis</span> <span class='ocrx_word' id='word_1_165' title='bbox 816 1994 868 2047; x_wconf 89' lang='lat' dir='ltr'>per</span> <span class='ocrx_word' id='word_1_166' title='bbox 891 1995 956 2034; x_wconf 91' lang='lat' dir='ltr'>eum</span> <span class='ocrx_word' id='word_1_167' title='bbox 968 1983 1100 2049; x_wconf 86' lang='lat' dir='ltr'>contagio</span> <span class='ocrx_word' id='word_1_168' title='bbox 1112 1983 1148 2035; x_wconf 90' lang='lat' dir='ltr'>ad</span> <span class='ocrx_word' id='word_1_169' title='bbox 1159 1982 1257 2034; x_wconf 90' lang='lat' dir='ltr'>odium</span> <span class='ocrx_word' id='word_1_170' title='bbox 1268 1984 1299 2036; x_wconf 92' lang='lat' dir='ltr'>et</span> <span class='ocrx_word' id='word_1_171' title='bbox 1311 1982 1516 2035; x_wconf 82' lang='lat' dir='ltr'>detractionem</span> <span class='ocrx_word' id='word_1_172' title='bbox 1534 1983 1565 2034; x_wconf 90' lang='lat' dir='ltr'>in</span> 
     </span>
     <span class='ocr_line' id='line_1_19' title="bbox 337 2063 1566 2131; baseline 0.002 -17"><span class='ocrx_word' id='word_1_173' title='bbox 337 2077 383 2116; x_wconf 92' lang='lat' dir='ltr'>me</span> <span class='ocrx_word' id='word_1_174' title='bbox 405 2065 554 2114; x_wconf 85' lang='lat' dir='ltr'>convertit.</span> <span class='ocrx_word' id='word_1_175' title='bbox 577 2063 771 2116; x_wconf 86' lang='lat' dir='ltr'>Observabant</span> <span class='ocrx_word' id='word_1_176' title='bbox 792 2065 883 2131; x_wconf 89' lang='lat' dir='ltr'>igitur</span> <span class='ocrx_word' id='word_1_177' title='bbox 900 2067 1004 2118; x_wconf 91' lang='lat' dir='ltr'>cotidie</span> <span class='ocrx_word' id='word_1_178' title='bbox 1023 2081 1055 2117; x_wconf 92' lang='lat' dir='ltr'>os</span> <span class='ocrx_word' id='word_1_179' title='bbox 1066 2080 1171 2128; x_wconf 91' lang='lat' dir='ltr'>meum,</span> <span class='ocrx_word' id='word_1_180' title='bbox 1194 2069 1227 2117; x_wconf 90' lang='lat' dir='ltr'>ut</span> <span class='ocrx_word' id='word_1_181' title='bbox 1246 2064 1409 2118; x_wconf 90' lang='lat' dir='ltr'>invenirent</span> <span class='ocrx_word' id='word_1_182' title='bbox 1424 2065 1500 2117; x_wconf 92' lang='lat' dir='ltr'>unde</span> <span class='ocrx_word' id='word_1_183' title='bbox 1516 2078 1566 2116; x_wconf 89' lang='lat' dir='ltr'>me</span> 
     </span>
     <span class='ocr_line' id='line_1_20' title="bbox 338 2145 1566 2216; baseline -0.002 -16"><span class='ocrx_word' id='word_1_184' title='bbox 338 2147 514 2211; x_wconf 86' lang='lat' dir='ltr'>accusarent,</span> <span class='ocrx_word' id='word_1_185' title='bbox 522 2148 552 2199; x_wconf 91' lang='lat' dir='ltr'>et</span> <span class='ocrx_word' id='word_1_186' title='bbox 562 2161 616 2214; x_wconf 87' lang='lat' dir='ltr'>ego</span> <span class='ocrx_word' id='word_1_187' title='bbox 626 2149 795 2200; x_wconf 89' lang='lat' dir='ltr'>nesciebam.</span> <span class='ocrx_word' id='word_1_188' title='bbox 808 2149 936 2215; x_wconf 79' lang='lat' dir='ltr'>Contigit</span> <span class='ocrx_word' id='word_1_189' title='bbox 947 2150 1068 2216; x_wconf 89' lang='lat' dir='ltr'>interea,</span> <span class='ocrx_word' id='word_1_190' title='bbox 1080 2151 1112 2201; x_wconf 92' lang='lat' dir='ltr'>ut</span> <span class='ocrx_word' id='word_1_191' title='bbox 1123 2152 1188 2215; x_wconf 91' lang='lat' dir='ltr'>post</span> <span class='ocrx_word' id='word_1_192' title='bbox 1199 2162 1360 2202; x_wconf 88' lang='lat' dir='ltr'>sermonem</span> <span class='ocrx_word' id='word_1_193' title='bbox 1370 2148 1406 2200; x_wconf 85' lang='lat' dir='ltr'>ad</span> <span class='ocrx_word' id='word_1_194' title='bbox 1417 2145 1566 2213; x_wconf 91' lang='lat' dir='ltr'>populum,</span> 
     </span>
     <span class='ocr_line' id='line_1_21' title="bbox 338 2229 1565 2297; baseline 0 -16"><span class='ocrx_word' id='word_1_195' title='bbox 338 2229 385 2281; x_wconf 88' lang='lat' dir='ltr'>cui</span> <span class='ocrx_word' id='word_1_196' title='bbox 394 2230 486 2294; x_wconf 88' lang='lat' dir='ltr'>stipsi</span> <span class='ocrx_word' id='word_1_197' title='bbox 495 2230 599 2283; x_wconf 88' lang='lat' dir='ltr'>cotidie</span> <span class='ocrx_word' id='word_1_198' title='bbox 608 2231 776 2293; x_wconf 88' lang='lat' dir='ltr'>intererant,</span> <span class='ocrx_word' id='word_1_199' title='bbox 784 2232 820 2285; x_wconf 91' lang='lat' dir='ltr'>de</span> <span class='ocrx_word' id='word_1_200' title='bbox 829 2233 996 2295; x_wconf 88' lang='lat' dir='ltr'>quibusdam</span> <span class='ocrx_word' id='word_1_201' title='bbox 1005 2233 1144 2285; x_wconf 87' lang='lat' dir='ltr'>secretius</span> <span class='ocrx_word' id='word_1_202' title='bbox 1153 2236 1182 2285; x_wconf 92' lang='lat' dir='ltr'>et</span> <span class='ocrx_word' id='word_1_203' title='bbox 1192 2234 1361 2297; x_wconf 73' lang='lat' dir='ltr'>frequenter</span> <span class='ocrx_word' id='word_1_204' title='bbox 1369 2232 1565 2282; x_wconf 72' lang='lat' dir='ltr'>conferremus</span> 
     </span>
     <span class='ocr_line' id='line_1_22' title="bbox 337 2312 1564 2380; baseline 0 -16"><span class='ocrx_word' id='word_1_205' title='bbox 337 2312 373 2364; x_wconf 86' lang='lat' dir='ltr'>ad</span> <span class='ocrx_word' id='word_1_206' title='bbox 383 2313 505 2364; x_wconf 86' lang='lat' dir='ltr'>invicem</span> <span class='ocrx_word' id='word_1_207' title='bbox 517 2314 669 2378; x_wconf 88' lang='lat' dir='ltr'>interque,</span> <span class='ocrx_word' id='word_1_208' title='bbox 681 2314 749 2366; x_wconf 92' lang='lat' dir='ltr'>dum</span> <span class='ocrx_word' id='word_1_209' title='bbox 760 2316 795 2365; x_wconf 93' lang='lat' dir='ltr'>de</span> <span class='ocrx_word' id='word_1_210' title='bbox 807 2317 983 2368; x_wconf 88' lang='lat' dir='ltr'>sacramento</span> <span class='ocrx_word' id='word_1_211' title='bbox 996 2316 1138 2367; x_wconf 90' lang='lat' dir='ltr'>Dominici</span> <span class='ocrx_word' id='word_1_212' title='bbox 1152 2315 1283 2380; x_wconf 89' lang='lat' dir='ltr'>corporis</span> <span class='ocrx_word' id='word_1_213' title='bbox 1294 2313 1446 2379; x_wconf 90' lang='lat' dir='ltr'>aliquando</span> <span class='ocrx_word' id='word_1_214' title='bbox 1454 2313 1564 2364; x_wconf 67' lang='lat' dir='ltr'>trwta·</span> 
     </span>
     <span class='ocr_line' id='line_1_23' title="bbox 338 2394 1564 2463; baseline -0.003 -14"><span class='ocrx_word' id='word_1_215' title='bbox 338 2410 442 2462; x_wconf 90' lang='lat' dir='ltr'>remus,</span> <span class='ocrx_word' id='word_1_216' title='bbox 464 2398 578 2448; x_wconf 90' lang='lat' dir='ltr'>beatum</span> <span class='ocrx_word' id='word_1_217' title='bbox 589 2397 780 2463; x_wconf 67' lang='lat' dir='ltr'>augustinum</span> <span class='ocrx_word' id='word_1_218' title='bbox 790 2397 826 2449; x_wconf 90' lang='lat' dir='ltr'>de</span> <span class='ocrx_word' id='word_1_219' title='bbox 837 2411 871 2449; x_wconf 91' lang='lat' dir='ltr'>eo</span> <span class='ocrx_word' id='word_1_220' title='bbox 884 2399 914 2448; x_wconf 91' lang='lat' dir='ltr'>in</span> <span class='ocrx_word' id='word_1_221' title='bbox 925 2397 979 2450; x_wconf 90' lang='lat' dir='ltr'>hec</span> <span class='ocrx_word' id='word_1_222' title='bbox 990 2399 1077 2452; x_wconf 88' lang='lat' dir='ltr'>verba</span> <span class='ocrx_word' id='word_1_223' title='bbox 1089 2400 1260 2450; x_wconf 84' lang='lat' dir='ltr'>tractantem</span> <span class='ocrx_word' id='word_1_224' title='bbox 1269 2397 1305 2449; x_wconf 85' lang='lat' dir='ltr'>ad</span> <span class='ocrx_word' id='word_1_225' title='bbox 1317 2396 1442 2449; x_wconf 90' lang='lat' dir='ltr'>medium</span> <span class='ocrx_word' id='word_1_226' title='bbox 1453 2394 1564 2447; x_wconf 91' lang='lat' dir='ltr'>deduco</span> 
     </span>
     <span class='ocr_line' id='line_1_24' title="bbox 337 2476 1565 2547; baseline -0.002 -17"><span class='ocrx_word' id='word_1_227' title='bbox 337 2479 431 2545; x_wconf 90' lang='lat' dir='ltr'>ipsum</span> <span class='ocrx_word' id='word_1_228' title='bbox 443 2481 536 2531; x_wconf 90' lang='lat' dir='ltr'>etnon</span> <span class='ocrx_word' id='word_1_229' title='bbox 548 2480 650 2546; x_wconf 88' lang='lat' dir='ltr'>ipsum.</span> <span class='ocrx_word' id='word_1_230' title='bbox 664 2479 744 2539; x_wconf 86' lang='lat' dir='ltr'>Quod</span> <span class='ocrx_word' id='word_1_231' title='bbox 753 2481 893 2544; x_wconf 91' lang='lat' dir='ltr'>quomodo</span> <span class='ocrx_word' id='word_1_232' title='bbox 906 2483 1036 2534; x_wconf 85' lang='lat' dir='ltr'>constare</span> <span class='ocrx_word' id='word_1_233' title='bbox 1047 2481 1138 2547; x_wconf 89' lang='lat' dir='ltr'>possit</span> <span class='ocrx_word' id='word_1_234' title='bbox 1148 2480 1359 2532; x_wconf 84' lang='lat' dir='ltr'>sciscitantibus</span> <span class='ocrx_word' id='word_1_235' title='bbox 1374 2491 1484 2543; x_wconf 83' lang='lat' dir='ltr'>expono</span> <span class='ocrx_word' id='word_1_236' title='bbox 1493 2476 1565 2541; x_wconf 88' lang='lat' dir='ltr'>quia</span> 
     </span>
     <span class='ocr_line' id='line_1_25' title="bbox 338 2556 1564 2629; baseline -0.004 -15"><span class='ocrx_word' id='word_1_237' title='bbox 338 2564 432 2629; x_wconf 90' lang='lat' dir='ltr'>ipsum</span> <span class='ocrx_word' id='word_1_238' title='bbox 443 2563 575 2624; x_wconf 90' lang='lat' dir='ltr'>essentia,</span> <span class='ocrx_word' id='word_1_239' title='bbox 591 2576 647 2614; x_wconf 92' lang='lat' dir='ltr'>non</span> <span class='ocrx_word' id='word_1_240' title='bbox 664 2562 757 2627; x_wconf 90' lang='lat' dir='ltr'>ipsum</span> <span class='ocrx_word' id='word_1_241' title='bbox 768 2563 874 2615; x_wconf 84' lang='lat' dir='ltr'>visibili</span> <span class='ocrx_word' id='word_1_242' title='bbox 885 2565 986 2616; x_wconf 74' lang='lat' dir='ltr'>torma„</span> <span class='ocrx_word' id='word_1_243' title='bbox 1005 2564 1049 2616; x_wconf 80' lang='lat' dir='ltr'>Ad</span> <span class='ocrx_word' id='word_1_244' title='bbox 1061 2576 1146 2628; x_wconf 89' lang='lat' dir='ltr'>quam</span> <span class='ocrx_word' id='word_1_245' title='bbox 1157 2563 1372 2628; x_wconf 88' lang='lat' dir='ltr'>responsionem</span> <span class='ocrx_word' id='word_1_246' title='bbox 1384 2559 1434 2612; x_wconf 89' lang='lat' dir='ltr'>ille</span> <span class='ocrx_word' id='word_1_247' title='bbox 1451 2556 1564 2612; x_wconf 89' lang='lat' dir='ltr'>emulus</span> 
     </span>
     <span class='ocr_line' id='line_1_26' title="bbox 337 2640 1564 2712; baseline -0.006 -15"><span class='ocrx_word' id='word_1_248' title='bbox 337 2658 417 2698; x_wconf 91' lang='lat' dir='ltr'>meus</span> <span class='ocrx_word' id='word_1_249' title='bbox 434 2646 563 2712; x_wconf 88' lang='lat' dir='ltr'>gavisum</span> <span class='ocrx_word' id='word_1_250' title='bbox 575 2658 605 2697; x_wconf 90' lang='lat' dir='ltr'>se</span> <span class='ocrx_word' id='word_1_251' title='bbox 617 2644 763 2707; x_wconf 88' lang='lat' dir='ltr'>simulans,</span> <span class='ocrx_word' id='word_1_252' title='bbox 776 2647 856 2710; x_wconf 90' lang='lat' dir='ltr'>quasi</span> <span class='ocrx_word' id='word_1_253' title='bbox 865 2646 958 2699; x_wconf 88' lang='lat' dir='ltr'>adhuc</span> <span class='ocrx_word' id='word_1_254' title='bbox 969 2646 1080 2699; x_wconf 91' lang='lat' dir='ltr'>discere</span> <span class='ocrx_word' id='word_1_255' title='bbox 1092 2645 1224 2707; x_wconf 86' lang='lat' dir='ltr'>volendo,</span> <span class='ocrx_word' id='word_1_256' title='bbox 1234 2644 1284 2697; x_wconf 89' lang='lat' dir='ltr'>sed</span> <span class='ocrx_word' id='word_1_257' title='bbox 1292 2656 1393 2696; x_wconf 89' lang='lat' dir='ltr'>revera</span> <span class='ocrx_word' id='word_1_258' title='bbox 1402 2640 1564 2694; x_wconf 89' lang='lat' dir='ltr'>insidiando</span> 
     </span>
     <span class='ocr_line' id='line_1_27' title="bbox 337 2722 1565 2794; baseline -0.006 -14"><span class='ocrx_word' id='word_1_259' title='bbox 337 2728 497 2794; x_wconf 88' lang='lat' dir='ltr'>interrogat</span> <span class='ocrx_word' id='word_1_260' title='bbox 510 2742 517 2779; x_wconf 94' lang='lat'>:</span> <span class='ocrx_word' id='word_1_261' title='bbox 531 2748 544 2771; x_wconf 73' lang='lat' dir='ltr'>a</span> <span class='ocrx_word' id='word_1_262' title='bbox 557 2728 588 2779; x_wconf 86' lang='lat' dir='ltr'>Si</span> <span class='ocrx_word' id='word_1_263' title='bbox 599 2728 673 2792; x_wconf 91' lang='lat' dir='ltr'>quis,</span> <span class='ocrx_word' id='word_1_264' title='bbox 685 2728 762 2792; x_wconf 91' lang='lat' dir='ltr'>turpi</span> <span class='ocrx_word' id='word_1_265' title='bbox 779 2727 860 2780; x_wconf 88' lang='lat' dir='ltr'>valde</span> <span class='ocrx_word' id='word_1_266' title='bbox 878 2729 1006 2781; x_wconf 77' lang='lat' dir='ltr'>facinore</span> <span class='ocrx_word' id='word_1_267' title='bbox 1022 2729 1184 2790; x_wconf 88' lang='lat' dir='ltr'>commisso,</span> <span class='ocrx_word' id='word_1_268' title='bbox 1203 2727 1372 2792; x_wconf 86' lang='lat' dir='ltr'>resipiscens</span> <span class='ocrx_word' id='word_1_269' title='bbox 1392 2725 1421 2778; x_wconf 94' lang='lat' dir='ltr'>et</span> <span class='ocrx_word' id='word_1_270' title='bbox 1431 2722 1565 2788; x_wconf 88' lang='lat' dir='ltr'>penitens</span> 
     </span>
     <span class='ocr_line' id='line_1_28' title="bbox 338 2808 1565 2877; baseline 0.002 -20"><span class='ocrx_word' id='word_1_271' title='bbox 338 2832 352 2857; x_wconf 65' lang='lat' dir='ltr'>s</span> <span class='ocrx_word' id='word_1_272' title='bbox 365 2812 425 2863; x_wconf 90' lang='lat' dir='ltr'>toto</span> <span class='ocrx_word' id='word_1_273' title='bbox 442 2810 546 2862; x_wconf 89' lang='lat' dir='ltr'>mentis</span> <span class='ocrx_word' id='word_1_274' title='bbox 564 2810 723 2875; x_wconf 88' lang='lat' dir='ltr'>conamine,</span> <span class='ocrx_word' id='word_1_275' title='bbox 740 2809 769 2860; x_wconf 92' lang='lat' dir='ltr'>id</span> <span class='ocrx_word' id='word_1_276' title='bbox 786 2811 918 2863; x_wconf 82' lang='lat' dir='ltr'>confiteri</span> <span class='ocrx_word' id='word_1_277' title='bbox 938 2812 1095 2877; x_wconf 89' lang='lat' dir='ltr'>appeteret,</span> <span class='ocrx_word' id='word_1_278' title='bbox 1109 2809 1160 2862; x_wconf 90' lang='lat' dir='ltr'>sed</span> <span class='ocrx_word' id='word_1_279' title='bbox 1177 2808 1232 2861; x_wconf 91' lang='lat' dir='ltr'>hoc</span> <span class='ocrx_word' id='word_1_280' title='bbox 1248 2810 1310 2875; x_wconf 88' lang='lat' dir='ltr'>ipse</span> <span class='ocrx_word' id='word_1_281' title='bbox 1321 2822 1339 2861; x_wconf 94' lang='lat' dir='ltr'>a</span> <span class='ocrx_word' id='word_1_282' title='bbox 1349 2821 1380 2860; x_wconf 92' lang='lat' dir='ltr'>se</span> <span class='ocrx_word' id='word_1_283' title='bbox 1392 2808 1565 2861; x_wconf 86' lang='lat' dir='ltr'>verecundia</span> 
     </span>
     <span class='ocr_line' id='line_1_29' title="bbox 338 2889 1564 2960; baseline 0.002 -20"><span class='ocrx_word' id='word_1_284' title='bbox 338 2915 352 2940; x_wconf 65' lang='lat' dir='ltr'>s</span> <span class='ocrx_word' id='word_1_285' title='bbox 365 2893 543 2960; x_wconf 87' lang='lat' dir='ltr'>repugnante</span> <span class='ocrx_word' id='word_1_286' title='bbox 562 2891 640 2943; x_wconf 92' lang='lat' dir='ltr'>nullo</span> <span class='ocrx_word' id='word_1_287' title='bbox 657 2892 741 2943; x_wconf 89' lang='lat' dir='ltr'>modo</span> <span class='ocrx_word' id='word_1_288' title='bbox 762 2892 892 2957; x_wconf 89' lang='lat' dir='ltr'>optinere</span> <span class='ocrx_word' id='word_1_289' title='bbox 908 2892 1017 2946; x_wconf 89' lang='lat' dir='ltr'>valeret</span> <span class='ocrx_word' id='word_1_290' title='bbox 1033 2896 1063 2945; x_wconf 91' lang='lat' dir='ltr'>et</span> <span class='ocrx_word' id='word_1_291' title='bbox 1079 2893 1121 2944; x_wconf 92' lang='lat' dir='ltr'>sic</span> <span class='ocrx_word' id='word_1_292' title='bbox 1142 2893 1244 2957; x_wconf 88' lang='lat' dir='ltr'>obiret,</span> <span class='ocrx_word' id='word_1_293' title='bbox 1263 2891 1332 2957; x_wconf 91' lang='lat' dir='ltr'>quid</span> <span class='ocrx_word' id='word_1_294' title='bbox 1351 2891 1386 2943; x_wconf 95' lang='lat' dir='ltr'>de</span> <span class='ocrx_word' id='word_1_295' title='bbox 1398 2903 1432 2943; x_wconf 91' lang='lat' dir='ltr'>eo</span> <span class='ocrx_word' id='word_1_296' title='bbox 1453 2889 1564 2942; x_wconf 86' lang='lat' dir='ltr'>sentire</span> 
     </span>
     <span class='ocr_line' id='line_1_30' title="bbox 338 2970 1564 3042; baseline -0.004 -14"><span class='ocrx_word' id='word_1_297' title='bbox 338 2999 351 3021; x_wconf 81' lang='lat' dir='ltr'>n</span> <span class='ocrx_word' id='word_1_298' title='bbox 364 2976 551 3028; x_wconf 81' lang='lat' dir='ltr'>deberemust</span> <span class='ocrx_word' id='word_1_299' title='bbox 564 2998 577 3019; x_wconf 77' lang='lat' dir='ltr'><em>n</em></span> <span class='ocrx_word' id='word_1_300' title='bbox 585 2974 628 3026; x_wconf 82' lang='lat' dir='ltr'>Ad</span> <span class='ocrx_word' id='word_1_301' title='bbox 640 2975 714 3039; x_wconf 91' lang='lat' dir='ltr'>quod</span> <span class='ocrx_word' id='word_1_302' title='bbox 732 2988 786 3040; x_wconf 88' lang='lat' dir='ltr'>ego</span> <span class='ocrx_word' id='word_1_303' title='bbox 798 2976 932 3041; x_wconf 90' lang='lat' dir='ltr'>respondi</span> <span class='ocrx_word' id='word_1_304' title='bbox 944 2989 989 3028; x_wconf 90' lang='lat' dir='ltr'>me</span> <span class='ocrx_word' id='word_1_305' title='bbox 1003 2989 1090 3042; x_wconf 90' lang='lat' dir='ltr'>super</span> <span class='ocrx_word' id='word_1_306' title='bbox 1100 2974 1155 3026; x_wconf 89' lang='lat' dir='ltr'>hoc</span> <span class='ocrx_word' id='word_1_307' title='bbox 1167 2974 1256 3025; x_wconf 88' lang='lat' dir='ltr'>nichil</span> <span class='ocrx_word' id='word_1_308' title='bbox 1268 2973 1374 3040; x_wconf 85' lang='lat' dir='ltr'>legisse</span> <span class='ocrx_word' id='word_1_309' title='bbox 1389 2973 1507 3037; x_wconf 90' lang='lat' dir='ltr'>ideoque</span> <span class='ocrx_word' id='word_1_310' title='bbox 1520 2970 1564 3024; x_wconf 93' lang='lat' dir='ltr'>nil</span> 
     </span>
     <span class='ocr_line' id='line_1_31' title="bbox 337 3053 1565 3122; baseline -0.003 -12"><span class='ocrx_word' id='word_1_311' title='bbox 337 3059 445 3110; x_wconf 88' lang='lat' dir='ltr'>temere</span> <span class='ocrx_word' id='word_1_312' title='bbox 456 3056 581 3108; x_wconf 86' lang='lat' dir='ltr'>diffinire</span> <span class='ocrx_word' id='word_1_313' title='bbox 593 3056 707 3119; x_wconf 89' lang='lat' dir='ltr'>audere,</span> <span class='ocrx_word' id='word_1_314' title='bbox 721 3057 770 3108; x_wconf 90' lang='lat' dir='ltr'>sed</span> <span class='ocrx_word' id='word_1_315' title='bbox 783 3058 893 3109; x_wconf 91' lang='lat' dir='ltr'>tantum</span> <span class='ocrx_word' id='word_1_316' title='bbox 911 3058 983 3108; x_wconf 91' lang='lat' dir='ltr'>mihi</span> <span class='ocrx_word' id='word_1_317' title='bbox 995 3056 1164 3122; x_wconf 89' lang='lat' dir='ltr'>simpliciter</span> <span class='ocrx_word' id='word_1_318' title='bbox 1172 3056 1273 3118; x_wconf 88' lang='lat' dir='ltr'>videri,</span> <span class='ocrx_word' id='word_1_319' title='bbox 1287 3055 1355 3119; x_wconf 93' lang='lat' dir='ltr'>quia</span> <span class='ocrx_word' id='word_1_320' title='bbox 1367 3053 1565 3107; x_wconf 88' lang='lat' dir='ltr'>misericordia</span> 
     </span>
     <span class='ocr_line' id='line_1_32' title="bbox 337 3136 1564 3206; baseline -0.003 -15"><span class='ocrx_word' id='word_1_321' title='bbox 337 3139 461 3201; x_wconf 91' lang='lat' dir='ltr'>Domini,</span> <span class='ocrx_word' id='word_1_322' title='bbox 480 3142 561 3206; x_wconf 87' lang='lat' dir='ltr'>cujus</span> <span class='ocrx_word' id='word_1_323' title='bbox 579 3153 636 3190; x_wconf 93' lang='lat' dir='ltr'>non</span> <span class='ocrx_word' id='word_1_324' title='bbox 647 3141 691 3191; x_wconf 91' lang='lat' dir='ltr'>est</span> <span class='ocrx_word' id='word_1_325' title='bbox 701 3153 836 3192; x_wconf 89' lang='lat' dir='ltr'>numerus</span> <span class='ocrx_word' id='word_1_326' title='bbox 854 3143 949 3205; x_wconf 91' lang='lat' dir='ltr'>etque</span> <span class='ocrx_word' id='word_1_327' title='bbox 966 3153 1104 3192; x_wconf 86' lang='lat' dir='ltr'>conversa</span> <span class='ocrx_word' id='word_1_328' title='bbox 1119 3140 1235 3192; x_wconf 88' lang='lat' dir='ltr'>beatum</span> <span class='ocrx_word' id='word_1_329' title='bbox 1251 3137 1420 3204; x_wconf 82' lang='lat' dir='ltr'>Apostolum</span> <span class='ocrx_word' id='word_1_330' title='bbox 1435 3136 1564 3202; x_wconf 87' lang='lat' dir='ltr'>respexit</span> 
     </span>
     <span class='ocr_line' id='line_1_33' title="bbox 336 3220 1563 3287; baseline -0.006 -10"><span class='ocrx_word' id='word_1_331' title='bbox 336 3226 366 3277; x_wconf 86' lang='lat' dir='ltr'>et</span> <span class='ocrx_word' id='word_1_332' title='bbox 382 3225 418 3276; x_wconf 94' lang='lat' dir='ltr'>ad</span> <span class='ocrx_word' id='word_1_333' title='bbox 429 3225 561 3276; x_wconf 89' lang='lat' dir='ltr'>lacrimas</span> <span class='ocrx_word' id='word_1_334' title='bbox 572 3225 633 3275; x_wconf 90' lang='lat' dir='ltr'>sine</span> <span class='ocrx_word' id='word_1_335' title='bbox 644 3224 721 3273; x_wconf 88' lang='lat' dir='ltr'>vocis</span> <span class='ocrx_word' id='word_1_336' title='bbox 733 3224 911 3275; x_wconf 78' lang='lat' dir='ltr'>confessione</span> <span class='ocrx_word' id='word_1_337' title='bbox 929 3224 1070 3287; x_wconf 91' lang='lat' dir='ltr'>incitavit,</span> <span class='ocrx_word' id='word_1_338' title='bbox 1081 3223 1214 3274; x_wconf 78' lang='lat' dir='ltr'>tortassis</span> <span class='ocrx_word' id='word_1_339' title='bbox 1228 3235 1283 3272; x_wconf 94' lang='lat' dir='ltr'>non</span> <span class='ocrx_word' id='word_1_340' title='bbox 1296 3223 1323 3273; x_wconf 89' lang='lat' dir='ltr'>ei</span> <span class='ocrx_word' id='word_1_341' title='bbox 1335 3222 1410 3273; x_wconf 90' lang='lat' dir='ltr'>esset</span> <span class='ocrx_word' id='word_1_342' title='bbox 1421 3220 1563 3285; x_wconf 87' lang='lat' dir='ltr'>negatura</span> 
     </span>
     <span class='ocr_line' id='line_1_34' title="bbox 336 3301 1561 3372; baseline -0.006 -13"><span class='ocrx_word' id='word_1_343' title='bbox 336 3307 465 3359; x_wconf 91' lang='lat' dir='ltr'>salutem.</span> <span class='ocrx_word' id='word_1_344' title='bbox 476 3307 519 3359; x_wconf 93' lang='lat' dir='ltr'>De</span> <span class='ocrx_word' id='word_1_345' title='bbox 530 3307 669 3371; x_wconf 91' lang='lat' dir='ltr'>baptismo</span> <span class='ocrx_word' id='word_1_346' title='bbox 682 3318 793 3370; x_wconf 91' lang='lat' dir='ltr'>quoque</span> <span class='ocrx_word' id='word_1_347' title='bbox 805 3305 954 3369; x_wconf 92' lang='lat' dir='ltr'>sollicitor,</span> <span class='ocrx_word' id='word_1_348' title='bbox 964 3319 1000 3358; x_wconf 90' lang='lat' dir='ltr'>an</span> <span class='ocrx_word' id='word_1_349' title='bbox 1013 3307 1074 3357; x_wconf 92' lang='lat' dir='ltr'>sine</span> <span class='ocrx_word' id='word_1_350' title='bbox 1085 3319 1119 3358; x_wconf 92' lang='lat' dir='ltr'>eo</span> <span class='ocrx_word' id='word_1_351' title='bbox 1131 3306 1222 3372; x_wconf 91' lang='lat' dir='ltr'>possit</span> <span class='ocrx_word' id='word_1_352' title='bbox 1234 3305 1297 3369; x_wconf 89' lang='lat' dir='ltr'>quis</span> <span class='ocrx_word' id='word_1_353' title='bbox 1310 3303 1423 3356; x_wconf 87' lang='lat' dir='ltr'>salvari.</span> <span class='ocrx_word' id='word_1_354' title='bbox 1432 3301 1561 3366; x_wconf 86' lang='lat' dir='ltr'>Respon-</span> 
     </span>
     <span class='ocr_line' id='line_1_35' title="bbox 336 3383 1563 3455; baseline -0.004 -16"><span class='ocrx_word' id='word_1_355' title='bbox 336 3389 390 3440; x_wconf 88' lang='lat' dir='ltr'>deo</span> <span class='ocrx_word' id='word_1_356' title='bbox 407 3402 453 3441; x_wconf 91' lang='lat' dir='ltr'>me</span> <span class='ocrx_word' id='word_1_357' title='bbox 465 3389 580 3455; x_wconf 85' lang='lat' dir='ltr'>legisse,</span> <span class='ocrx_word' id='word_1_358' title='bbox 593 3388 660 3453; x_wconf 85' lang='lat' dir='ltr'>quia</span> <span class='ocrx_word' id='word_1_359' title='bbox 670 3389 797 3450; x_wconf 89' lang='lat' dir='ltr'>minime,</span> <span class='ocrx_word' id='word_1_360' title='bbox 816 3389 870 3440; x_wconf 89' lang='lat' dir='ltr'>nisi</span> <span class='ocrx_word' id='word_1_361' title='bbox 888 3388 995 3440; x_wconf 91' lang='lat' dir='ltr'>habens</span> <span class='ocrx_word' id='word_1_362' title='bbox 1013 3390 1043 3439; x_wconf 93' lang='lat' dir='ltr'>in</span> <span class='ocrx_word' id='word_1_363' title='bbox 1056 3402 1086 3440; x_wconf 93' lang='lat' dir='ltr'>se</span> <span class='ocrx_word' id='word_1_364' title='bbox 1098 3389 1160 3453; x_wconf 90' lang='lat' dir='ltr'>ipso</span> <span class='ocrx_word' id='word_1_365' title='bbox 1180 3388 1266 3439; x_wconf 85' lang='lat' dir='ltr'>fldem</span> <span class='ocrx_word' id='word_1_366' title='bbox 1275 3388 1304 3439; x_wconf 91' lang='lat' dir='ltr'>et</span> <span class='ocrx_word' id='word_1_367' title='bbox 1316 3384 1424 3447; x_wconf 89' lang='lat' dir='ltr'>volens,</span> <span class='ocrx_word' id='word_1_368' title='bbox 1442 3383 1491 3435; x_wconf 87' lang='lat' dir='ltr'>sed</span> <span class='ocrx_word' id='word_1_369' title='bbox 1503 3397 1563 3435; x_wconf 92' lang='lat' dir='ltr'>non</span> 
     </span>
     <span class='ocr_line' id='line_1_36' title="bbox 336 3466 1561 3537; baseline -0.007 -14"><span class='ocrx_word' id='word_1_370' title='bbox 336 3471 433 3523; x_wconf 89' lang='lat' dir='ltr'>valens</span> <span class='ocrx_word' id='word_1_371' title='bbox 451 3470 557 3522; x_wconf 88' lang='lat' dir='ltr'>habere</span> <span class='ocrx_word' id='word_1_372' title='bbox 574 3471 753 3535; x_wconf 86' lang='lat' dir='ltr'>baptismum.</span> <span class='ocrx_word' id='word_1_373' title='bbox 771 3469 857 3522; x_wconf 83' lang='lat' dir='ltr'>Aliud</span> <span class='ocrx_word' id='word_1_374' title='bbox 875 3484 986 3535; x_wconf 91' lang='lat' dir='ltr'>quoque</span> <span class='ocrx_word' id='word_1_375' title='bbox 1004 3470 1102 3523; x_wconf 92' lang='lat' dir='ltr'>dolose</span> <span class='ocrx_word' id='word_1_376' title='bbox 1118 3471 1290 3537; x_wconf 86' lang='lat' dir='ltr'>interrogat,</span> <span class='ocrx_word' id='word_1_377' title='bbox 1307 3466 1475 3520; x_wconf 89' lang='lat' dir='ltr'>videlicetsi</span> <span class='ocrx_word' id='word_1_378' title='bbox 1492 3478 1561 3516; x_wconf 90' lang='lat' dir='ltr'>casu</span> 
     </span>
     <span class='ocr_line' id='line_1_37' title="bbox 336 3549 1562 3619; baseline -0.007 -13"><span class='ocrx_word' id='word_1_379' title='bbox 336 3552 432 3618; x_wconf 87' lang='lat' dir='ltr'>aliquo</span> <span class='ocrx_word' id='word_1_380' title='bbox 444 3551 489 3604; x_wconf 89' lang='lat' dir='ltr'>vel</span> <span class='ocrx_word' id='word_1_381' title='bbox 509 3552 687 3619; x_wconf 90' lang='lat' dir='ltr'>negligentia</span> <span class='ocrx_word' id='word_1_382' title='bbox 702 3565 776 3617; x_wconf 90' lang='lat' dir='ltr'>aqua</span> <span class='ocrx_word' id='word_1_383' title='bbox 791 3553 884 3605; x_wconf 86' lang='lat' dir='ltr'>divino</span> <span class='ocrx_word' id='word_1_384' title='bbox 902 3568 959 3606; x_wconf 93' lang='lat' dir='ltr'>non</span> <span class='ocrx_word' id='word_1_385' title='bbox 974 3555 1134 3619; x_wconf 90' lang='lat' dir='ltr'>apponatur</span> <span class='ocrx_word' id='word_1_386' title='bbox 1154 3553 1298 3604; x_wconf 86' lang='lat' dir='ltr'>sacrificio</span> <span class='ocrx_word' id='word_1_387' title='bbox 1321 3551 1370 3602; x_wconf 90' lang='lat' dir='ltr'>aut</span> <span class='ocrx_word' id='word_1_388' title='bbox 1391 3549 1488 3600; x_wconf 90' lang='lat' dir='ltr'>vinum</span> <span class='ocrx_word' id='word_1_389' title='bbox 1509 3560 1562 3600; x_wconf 88' lang='lat' dir='ltr'>seu</span> 
     </span>
     <span class='ocr_line' id='line_1_38' title="bbox 336 3631 1563 3702; baseline -0.007 -14"><span class='ocrx_word' id='word_1_390' title='bbox 336 3637 456 3688; x_wconf 78' lang='lat' dir='ltr'>forsitan</span> <span class='ocrx_word' id='word_1_391' title='bbox 463 3637 625 3700; x_wconf 88' lang='lat' dir='ltr'>utrumque,</span> <span class='ocrx_word' id='word_1_392' title='bbox 636 3637 764 3688; x_wconf 88' lang='lat' dir='ltr'>oratione</span> <span class='ocrx_word' id='word_1_393' title='bbox 776 3638 871 3689; x_wconf 89' lang='lat' dir='ltr'>tamen</span> <span class='ocrx_word' id='word_1_394' title='bbox 881 3637 910 3688; x_wconf 90' lang='lat' dir='ltr'>et</span> <span class='ocrx_word' id='word_1_395' title='bbox 919 3637 976 3688; x_wconf 92' lang='lat' dir='ltr'>ritu</span> <span class='ocrx_word' id='word_1_396' title='bbox 987 3635 1126 3701; x_wconf 91' lang='lat' dir='ltr'>solempni</span> <span class='ocrx_word' id='word_1_397' title='bbox 1136 3648 1224 3702; x_wconf 89' lang='lat' dir='ltr'>super</span> <span class='ocrx_word' id='word_1_398' title='bbox 1238 3635 1268 3685; x_wconf 93' lang='lat' dir='ltr'>id</span> <span class='ocrx_word' id='word_1_399' title='bbox 1277 3634 1352 3699; x_wconf 90' lang='lat' dir='ltr'>quod</span> <span class='ocrx_word' id='word_1_400' title='bbox 1363 3631 1508 3684; x_wconf 88' lang='lat' dir='ltr'>residuum</span> <span class='ocrx_word' id='word_1_401' title='bbox 1516 3632 1563 3682; x_wconf 88' lang='lat' dir='ltr'>est</span> 
     </span>
     <span class='ocr_line' id='line_1_39' title="bbox 336 3715 1562 3783; baseline -0.007 -11"><span class='ocrx_word' id='word_1_402' title='bbox 336 3720 489 3782; x_wconf 89' lang='lat' dir='ltr'>celebrato,</span> <span class='ocrx_word' id='word_1_403' title='bbox 502 3722 597 3772; x_wconf 90' lang='lat' dir='ltr'>utrum</span> <span class='ocrx_word' id='word_1_404' title='bbox 610 3721 704 3770; x_wconf 85' lang='lat' dir='ltr'>ratum</span> <span class='ocrx_word' id='word_1_405' title='bbox 715 3720 818 3771; x_wconf 86' lang='lat' dir='ltr'>debeat</span> <span class='ocrx_word' id='word_1_406' title='bbox 830 3718 929 3771; x_wconf 91' lang='lat' dir='ltr'>haberi</span> <span class='ocrx_word' id='word_1_407' title='bbox 947 3720 1120 3771; x_wconf 85' lang='lat' dir='ltr'>sacrificium</span> <span class='ocrx_word' id='word_1_408' title='bbox 1132 3720 1162 3770; x_wconf 89' lang='lat' dir='ltr'>et</span> <span class='ocrx_word' id='word_1_409' title='bbox 1176 3719 1259 3783; x_wconf 90' lang='lat' dir='ltr'>panis</span> <span class='ocrx_word' id='word_1_410' title='bbox 1279 3715 1440 3782; x_wconf 90' lang='lat' dir='ltr'>propositus</span> <span class='ocrx_word' id='word_1_411' title='bbox 1457 3726 1562 3777; x_wconf 86' lang='lat' dir='ltr'>corpus</span> 
     </span>
     <span class='ocr_line' id='line_1_40' title="bbox 336 3796 1561 3868; baseline -0.009 -13"><span class='ocrx_word' id='word_1_412' title='bbox 336 3803 508 3855; x_wconf 89' lang='lat' dir='ltr'>credendum</span> <span class='ocrx_word' id='word_1_413' title='bbox 520 3804 557 3853; x_wconf 91' lang='lat' dir='ltr'>sit</span> <span class='ocrx_word' id='word_1_414' title='bbox 567 3802 755 3853; x_wconf 89' lang='lat' dir='ltr'>Dominicum.</span> <span class='ocrx_word' id='word_1_415' title='bbox 774 3802 817 3853; x_wconf 82' lang='lat' dir='ltr'>Ad</span> <span class='ocrx_word' id='word_1_416' title='bbox 827 3803 902 3867; x_wconf 90' lang='lat' dir='ltr'>quod</span> <span class='ocrx_word' id='word_1_417' title='bbox 914 3816 968 3868; x_wconf 90' lang='lat' dir='ltr'>ego</span> <span class='ocrx_word' id='word_1_418' title='bbox 987 3802 1114 3854; x_wconf 85' lang='lat' dir='ltr'>diversas</span> <span class='ocrx_word' id='word_1_419' title='bbox 1131 3802 1309 3854; x_wconf 88' lang='lat' dir='ltr'>diversorum</span> <span class='ocrx_word' id='word_1_420' title='bbox 1320 3813 1382 3852; x_wconf 90' lang='lat' dir='ltr'>esse</span> <span class='ocrx_word' id='word_1_421' title='bbox 1394 3796 1561 3858; x_wconf 88' lang='lat' dir='ltr'>sententias,</span> 
     </span>
     <span class='ocr_line' id='line_1_41' title="bbox 333 3883 1560 3950; baseline -0.002 -12"><span class='ocrx_word' id='word_1_422' title='bbox 333 3899 380 3938; x_wconf 90' lang='lat' dir='ltr'>me</span> <span class='ocrx_word' id='word_1_423' title='bbox 390 3898 502 3949; x_wconf 90' lang='lat' dir='ltr'>quoque</span> <span class='ocrx_word' id='word_1_424' title='bbox 514 3898 600 3950; x_wconf 91' lang='lat' dir='ltr'>super</span> <span class='ocrx_word' id='word_1_425' title='bbox 611 3883 664 3935; x_wconf 91' lang='lat' dir='ltr'>hoo</span> <span class='ocrx_word' id='word_1_426' title='bbox 682 3885 802 3946; x_wconf 89' lang='lat' dir='ltr'>diversa,</span> <span class='ocrx_word' id='word_1_427' title='bbox 815 3885 901 3936; x_wconf 89' lang='lat' dir='ltr'>immo</span> <span class='ocrx_word' id='word_1_428' title='bbox 919 3885 1039 3937; x_wconf 89' lang='lat' dir='ltr'>adversa</span> <span class='ocrx_word' id='word_1_429' title='bbox 1055 3884 1174 3950; x_wconf 88' lang='lat' dir='ltr'>legisse,</span> <span class='ocrx_word' id='word_1_430' title='bbox 1194 3884 1244 3936; x_wconf 91' lang='lat' dir='ltr'>sed</span> <span class='ocrx_word' id='word_1_431' title='bbox 1261 3885 1358 3936; x_wconf 89' lang='lat' dir='ltr'>tamen</span> <span class='ocrx_word' id='word_1_432' title='bbox 1368 3883 1396 3935; x_wconf 91' lang='lat' dir='ltr'>ei</span> <span class='ocrx_word' id='word_1_433' title='bbox 1408 3885 1560 3947; x_wconf 84' lang='lat' dir='ltr'>sententie,</span> 
     </span>
     <span class='ocr_line' id='line_1_42' title="bbox 336 3965 1422 4032; baseline 0 -12"><span class='ocrx_word' id='word_1_434' title='bbox 336 3981 392 4032; x_wconf 89' lang='lat' dir='ltr'>que</span> <span class='ocrx_word' id='word_1_435' title='bbox 404 3966 478 4031; x_wconf 93' lang='lat' dir='ltr'>quod</span> <span class='ocrx_word' id='word_1_436' title='bbox 490 3966 636 4017; x_wconf 90' lang='lat' dir='ltr'>residuum</span> <span class='ocrx_word' id='word_1_437' title='bbox 644 3967 697 4027; x_wconf 92' lang='lat' dir='ltr'>est,</span> <span class='ocrx_word' id='word_1_438' title='bbox 711 3980 814 4032; x_wconf 89' lang='lat' dir='ltr'>corpus</span> <span class='ocrx_word' id='word_1_439' title='bbox 825 3967 929 4019; x_wconf 92' lang='lat' dir='ltr'>asserit</span> <span class='ocrx_word' id='word_1_440' title='bbox 942 3966 1133 4030; x_wconf 92' lang='lat' dir='ltr'>Dominicum,</span> <span class='ocrx_word' id='word_1_441' title='bbox 1147 3966 1240 4031; x_wconf 88' lang='lat' dir='ltr'>magis</span> <span class='ocrx_word' id='word_1_442' title='bbox 1252 3965 1422 4020; x_wconf 86' lang='lat' dir='ltr'>consentire.</span> 
     </span>
    </p>

    <p class='ocr_par' dir='ltr' id='par_1_4' title="bbox 332 4048 1564 4617">
     <span class='ocr_line' id='line_1_43' title="bbox 370 4048 1564 4116; baseline 0.001 -14"><span class='ocrx_word' id='word_1_443' title='bbox 370 4050 422 4102; x_wconf 86' lang='lat' dir='ltr'>His</span> <span class='ocrx_word' id='word_1_444' title='bbox 434 4050 464 4101; x_wconf 90' lang='lat' dir='ltr'>et</span> <span class='ocrx_word' id='word_1_445' title='bbox 479 4048 576 4114; x_wconf 90' lang='lat' dir='ltr'>paucis</span> <span class='ocrx_word' id='word_1_446' title='bbox 588 4048 652 4099; x_wconf 87' lang='lat' dir='ltr'>aliis</span> <span class='ocrx_word' id='word_1_447' title='bbox 664 4048 804 4100; x_wconf 88' lang='lat' dir='ltr'>similibus</span> <span class='ocrx_word' id='word_1_448' title='bbox 816 4049 851 4100; x_wconf 92' lang='lat' dir='ltr'>de</span> <span class='ocrx_word' id='word_1_449' title='bbox 863 4062 913 4101; x_wconf 92' lang='lat' dir='ltr'>ore</span> <span class='ocrx_word' id='word_1_450' title='bbox 931 4062 994 4101; x_wconf 92' lang='lat' dir='ltr'>meo</span> <span class='ocrx_word' id='word_1_451' title='bbox 1006 4048 1166 4116; x_wconf 88' lang='lat' dir='ltr'>gaudenter</span> <span class='ocrx_word' id='word_1_452' title='bbox 1184 4048 1275 4112; x_wconf 88' lang='lat' dir='ltr'>raptis</span> <span class='ocrx_word' id='word_1_453' title='bbox 1286 4049 1317 4100; x_wconf 92' lang='lat' dir='ltr'>et</span> <span class='ocrx_word' id='word_1_454' title='bbox 1332 4049 1365 4100; x_wconf 88' lang='lat' dir='ltr'>ut</span> <span class='ocrx_word' id='word_1_455' title='bbox 1375 4049 1564 4103; x_wconf 84' lang='lat' dir='ltr'>suscitaretur</span> 
     </span>
     <span class='ocr_line' id='line_1_44' title="bbox 336 4130 1563 4197; baseline -0.002 -11"><span class='ocrx_word' id='word_1_456' title='bbox 336 4133 407 4186; x_wconf 91' lang='lat' dir='ltr'>mihi</span> <span class='ocrx_word' id='word_1_457' title='bbox 418 4144 552 4197; x_wconf 87' lang='lat' dir='ltr'>pressura</span> <span class='ocrx_word' id='word_1_458' title='bbox 562 4130 635 4182; x_wconf 91' lang='lat' dir='ltr'>male</span> <span class='ocrx_word' id='word_1_459' title='bbox 644 4133 674 4182; x_wconf 88' lang='lat' dir='ltr'>et</span> <span class='ocrx_word' id='word_1_460' title='bbox 690 4132 813 4184; x_wconf 89' lang='lat' dir='ltr'>scienter</span> <span class='ocrx_word' id='word_1_461' title='bbox 825 4132 1029 4197; x_wconf 89' lang='lat' dir='ltr'>interpretatis,</span> <span class='ocrx_word' id='word_1_462' title='bbox 1041 4132 1103 4183; x_wconf 91' lang='lat' dir='ltr'>sine</span> <span class='ocrx_word' id='word_1_463' title='bbox 1122 4144 1196 4194; x_wconf 92' lang='lat' dir='ltr'>meo,</span> <span class='ocrx_word' id='word_1_464' title='bbox 1210 4131 1273 4182; x_wconf 91' lang='lat' dir='ltr'>sine</span> <span class='ocrx_word' id='word_1_465' title='bbox 1289 4145 1351 4194; x_wconf 90' lang='lat' dir='ltr'>suo,</span> <span class='ocrx_word' id='word_1_466' title='bbox 1368 4132 1430 4184; x_wconf 92' lang='lat' dir='ltr'>sine</span> <span class='ocrx_word' id='word_1_467' title='bbox 1441 4132 1503 4196; x_wconf 84' lang='lat' dir='ltr'>ejus</span> <span class='ocrx_word' id='word_1_468' title='bbox 1514 4132 1563 4183; x_wconf 91' lang='lat' dir='ltr'>cui</span> 
     </span>
     <span class='ocr_line' id='line_1_45' title="bbox 335 4214 1563 4280; baseline -0.005 -9"><span class='ocrx_word' id='word_1_469' title='bbox 335 4216 517 4270; x_wconf 89' lang='lat' dir='ltr'>mitterentur</span> <span class='ocrx_word' id='word_1_470' title='bbox 536 4215 660 4276; x_wconf 91' lang='lat' dir='ltr'>nomine,</span> <span class='ocrx_word' id='word_1_471' title='bbox 679 4229 729 4266; x_wconf 90' lang='lat' dir='ltr'>sex</span> <span class='ocrx_word' id='word_1_472' title='bbox 752 4214 861 4266; x_wconf 91' lang='lat' dir='ltr'>occulte</span> <span class='ocrx_word' id='word_1_473' title='bbox 878 4215 1031 4267; x_wconf 88' lang='lat' dir='ltr'>conscribit</span> <span class='ocrx_word' id='word_1_474' title='bbox 1048 4214 1180 4266; x_wconf 88' lang='lat' dir='ltr'>scedulas</span> <span class='ocrx_word' id='word_1_475' title='bbox 1197 4214 1227 4266; x_wconf 92' lang='lat' dir='ltr'>et</span> <span class='ocrx_word' id='word_1_476' title='bbox 1244 4227 1297 4280; x_wconf 88' lang='lat' dir='ltr'>per</span> <span class='ocrx_word' id='word_1_477' title='bbox 1318 4215 1443 4267; x_wconf 87' lang='lat' dir='ltr'>diversas</span> <span class='ocrx_word' id='word_1_478' title='bbox 1472 4214 1563 4266; x_wconf 89' lang='lat' dir='ltr'>mittit</span> 
     </span>
     <span class='ocr_line' id='line_1_46' title="bbox 335 4296 1564 4363; baseline -0.003 -9"><span class='ocrx_word' id='word_1_479' title='bbox 335 4300 469 4354; x_wconf 87' lang='lat' dir='ltr'>ecclesias</span> <span class='ocrx_word' id='word_1_480' title='bbox 480 4298 510 4348; x_wconf 95' lang='lat' dir='ltr'>in</span> <span class='ocrx_word' id='word_1_481' title='bbox 522 4296 575 4347; x_wconf 90' lang='lat' dir='ltr'>hec</span> <span class='ocrx_word' id='word_1_482' title='bbox 586 4299 673 4348; x_wconf 88' lang='lat' dir='ltr'>verba</span> <span class='ocrx_word' id='word_1_483' title='bbox 690 4311 696 4347; x_wconf 93' lang='lat'><strong>:</strong></span> <span class='ocrx_word' id='word_1_484' title='bbox 721 4320 733 4341; x_wconf 73' lang='grc' dir='ltr'>κ</span> <span class='ocrx_word' id='word_1_485' title='bbox 747 4299 822 4349; x_wconf 90' lang='lat' dir='ltr'>Dicit</span> <span class='ocrx_word' id='word_1_486' title='bbox 840 4312 896 4348; x_wconf 92' lang='lat' dir='ltr'>non</span> <span class='ocrx_word' id='word_1_487' title='bbox 913 4311 976 4349; x_wconf 89' lang='lat' dir='ltr'>esse</span> <span class='ocrx_word' id='word_1_488' title='bbox 996 4311 1096 4349; x_wconf 90' lang='lat' dir='ltr'>verum</span> <span class='ocrx_word' id='word_1_489' title='bbox 1115 4311 1217 4362; x_wconf 86' lang='lat' dir='ltr'>corpus</span> <span class='ocrx_word' id='word_1_490' title='bbox 1243 4297 1366 4359; x_wconf 89' lang='lat' dir='ltr'>Domini,</span> <span class='ocrx_word' id='word_1_491' title='bbox 1378 4298 1453 4363; x_wconf 89' lang='lat' dir='ltr'>quod</span> <span class='ocrx_word' id='word_1_492' title='bbox 1465 4311 1564 4350; x_wconf 88' lang='lat' dir='ltr'>conse·</span> 
     </span>
     <span class='ocr_line' id='line_1_47' title="bbox 333 4378 1562 4447; baseline -0.003 -11"><span class='ocrx_word' id='word_1_493' title='bbox 333 4384 430 4436; x_wconf 83' lang='lat' dir='ltr'>cretur</span> <span class='ocrx_word' id='word_1_494' title='bbox 448 4382 478 4432; x_wconf 90' lang='lat' dir='ltr'>in</span> <span class='ocrx_word' id='word_1_495' title='bbox 495 4378 589 4441; x_wconf 88' lang='lat' dir='ltr'>altari,</span> <span class='ocrx_word' id='word_1_496' title='bbox 604 4395 659 4431; x_wconf 92' lang='lat' dir='ltr'>non</span> <span class='ocrx_word' id='word_1_497' title='bbox 672 4394 733 4432; x_wconf 87' lang='lat' dir='ltr'>esse</span> <span class='ocrx_word' id='word_1_498' title='bbox 751 4381 941 4432; x_wconf 88' lang='lat' dir='ltr'>necessariam</span> <span class='ocrx_word' id='word_1_499' title='bbox 959 4381 1176 4442; x_wconf 83' lang='lat' dir='ltr'>contessionem,</span> <span class='ocrx_word' id='word_1_500' title='bbox 1197 4379 1353 4432; x_wconf 89' lang='lat' dir='ltr'>humanum</span> <span class='ocrx_word' id='word_1_501' title='bbox 1369 4392 1461 4447; x_wconf 84' lang='lat' dir='ltr'>genus</span> <span class='ocrx_word' id='word_1_502' title='bbox 1476 4394 1562 4446; x_wconf 84' lang='lat' dir='ltr'>posse</span> 
     </span>
     <span class='ocr_line' id='line_1_48' title="bbox 334 4463 1564 4529; baseline -0.002 -10"><span class='ocrx_word' id='word_1_503' title='bbox 334 4465 439 4519; x_wconf 85' lang='lat' dir='ltr'>salvari</span> <span class='ocrx_word' id='word_1_504' title='bbox 449 4464 511 4516; x_wconf 86' lang='lat' dir='ltr'>sine</span> <span class='ocrx_word' id='word_1_505' title='bbox 521 4464 671 4527; x_wconf 87' lang='lat' dir='ltr'>baptismo,</span> <span class='ocrx_word' id='word_1_506' title='bbox 684 4463 763 4515; x_wconf 89' lang='lat' dir='ltr'>licite</span> <span class='ocrx_word' id='word_1_507' title='bbox 775 4478 858 4529; x_wconf 89' lang='lat' dir='ltr'>posse</span> <span class='ocrx_word' id='word_1_508' title='bbox 871 4464 987 4516; x_wconf 83' lang='lat' dir='ltr'>missam</span> <span class='ocrx_word' id='word_1_509' title='bbox 1003 4463 1144 4516; x_wconf 87' lang='lat' dir='ltr'>celebrari</span> <span class='ocrx_word' id='word_1_510' title='bbox 1162 4464 1223 4516; x_wconf 91' lang='lat' dir='ltr'>sine</span> <span class='ocrx_word' id='word_1_511' title='bbox 1239 4476 1315 4528; x_wconf 83' lang='lat' dir='ltr'>aqua</span> <span class='ocrx_word' id='word_1_512' title='bbox 1331 4465 1360 4517; x_wconf 86' lang='lat' dir='ltr'>et</span> <span class='ocrx_word' id='word_1_513' title='bbox 1375 4464 1452 4516; x_wconf 84' lang='lat' dir='ltr'>vino.</span> <span class='ocrx_word' id='word_1_514' title='bbox 1466 4485 1479 4509; x_wconf 79' lang='lat' dir='ltr'>n</span> <span class='ocrx_word' id='word_1_515' title='bbox 1497 4463 1564 4516; x_wconf 83' lang='lat' dir='ltr'>Hec</span> 
     </span>
     <span class='ocr_line' id='line_1_49' title="bbox 332 4547 1563 4617; baseline -0.001 -16"><span class='ocrx_word' id='word_1_516' title='bbox 332 4551 428 4601; x_wconf 88' lang='lat' dir='ltr'>autem</span> <span class='ocrx_word' id='word_1_517' title='bbox 439 4561 475 4600; x_wconf 90' lang='lat' dir='ltr'>ex</span> <span class='ocrx_word' id='word_1_518' title='bbox 483 4547 663 4612; x_wconf 86' lang='lat' dir='ltr'>supradictis,</span> <span class='ocrx_word' id='word_1_519' title='bbox 670 4561 725 4612; x_wconf 88' lang='lat' dir='ltr'>que</span> <span class='ocrx_word' id='word_1_520' title='bbox 736 4547 883 4603; x_wconf 87' lang='lat' dir='ltr'>maliciose</span> <span class='ocrx_word' id='word_1_521' title='bbox 892 4549 1130 4617; x_wconf 83' lang='lat' dir='ltr'>interrogaverat,</span> <span class='ocrx_word' id='word_1_522' title='bbox 1137 4547 1291 4615; x_wconf 84' lang='lat' dir='ltr'>prudentia</span> <span class='ocrx_word' id='word_1_523' title='bbox 1296 4548 1391 4601; x_wconf 83' lang='lat' dir='ltr'>vestre</span> <span class='ocrx_word' id='word_1_524' title='bbox 1399 4547 1563 4601; x_wconf 80' lang='lat' dir='ltr'>sanctitatis</span> 
     </span>
    </p>
   </div>
   <div class='ocr_carea' id='block_1_3' title="bbox 0 0 1632 5324">
    <p class='ocr_par' dir='ltr' id='par_1_5' title="bbox 0 0 1632 5324">
     <span class='ocr_line' id='line_1_50' title="bbox 0 0 1632 5324; baseline 0 2"><span class='ocrx_word' id='word_1_525' title='bbox 0 0 1632 5324; x_wconf 95' lang='lat' dir='ltr'> </span> 
     </span>
    </p>
   </div>
  </div>
 </body>
</html>
