3188 5340
203 485 234 537 ¹6
682 491 787 545 auno
806 489 946 543 ursum

200 651 321 704 concilio
333 651 437 718 pulsati
457 655 532 705 sunt.
545 653 598 715 Qui
616 655 731 719 quidem
746 655 831 707 corde
849 656 1003 708 credebant
1019 656 1054 708 ad
1069 656 1218 720 justitiam,
1231 659 1299 724 quia
1316 660 1416 725 spiritu

201 736 303 786 mmati
312 736 488 788 tortitudinis
499 751 550 790 ore
562 738 623 789 ausi
634 741 700 789 sunt
711 739 840 791 confiteri
853 737 1030 803 adsalutem,
1043 738 1079 790 de
1091 742 1155 791 cetu
1167 753 1266 793 eorum
1277 743 1416 808 projectos

199 819 322 880 vestram
333 818 492 870 audivimus
503 819 616 872 audisse
624 821 833 886 paternitatem.
845 821 903 872 Nos
916 833 994 882 vero,
1006 820 1127 872 eundem
1136 822 1267 887 spiritum
1279 824 1415 877 tortitudi

199 900 243 951 nis
255 913 306 952 nos
317 900 423 953 habere
434 904 575 968 putantes,
586 902 639 953 hoc
650 903 727 955 idem
738 904 844 967 absque
855 904 1079 969 interrogatione
1097 918 1148 955 nos
1159 907 1288 972 profiteri
1308 909 1416 973 parator

197 983 239 1034 eis
256 983 516 1049 spoponderamus3
535 985 584 1037 sed
601 999 700 1037 eorum
711 986 863 1051 prudentia
873 986 1107 1051 promissionibus
1124 989 1204 1038 vanis
1221 1003 1277 1040 non
1290 990 1413 1042 credens

199 1066 286 1116 immo
296 1065 485 1118 imbecillitati
498 1070 593 1119 nostre
603 1069 751 1120 caritative
762 1067 911 1120 consulens
929 1081 964 1119 ne
977 1070 1031 1120 nisi
1047 1081 1099 1134 per
1117 1071 1212 1121 omnia
1221 1072 1315 1123 vocati
1326 1085 1416 1138 proce

198 1148 328 1201 deremus
340 1148 385 1200 vel
395 1150 546 1214 quicquam
563 1150 731 1212 diceremus,
748 1151 917 1202 temeritatis
939 1151 1024 1217 hujus
1041 1153 1285 1218 presumptionem
1302 1154 1416 1207 consili<

197 1232 281 1285 simul
294 1235 323 1285 et
331 1232 523 1299 prohibitione
532 1235 736 1285 refrenaverat.
750 1233 911 1295 Enimvero,
921 1233 1065 1298 aliquanto
1076 1233 1171 1300 elapso
1184 1237 1323 1301 tempore,
1344 1236 1416 1301 quod

199 1331 296 1369 semen
306 1317 385 1369 verbi
398 1317 451 1369 Dei
464 1330 519 1368 non
531 1316 635 1369 bonam
644 1319 749 1368 terram
758 1319 788 1368 in
799 1319 931 1369 cordibus
945 1318 1058 1380 nostris,
1071 1319 1118 1370 sed
1130 1321 1241 1384 petram
1253 1320 1416 1380 invenisset

197 1399 404 1465 persecutionis
431 1398 621 1452 ventilabrum
648 1401 707 1451 tam
727 1400 808 1451 nobis
830 1401 899 1464 ipsis
919 1414 1004 1464 quam
1024 1399 1121 1452 multis
1141 1401 1206 1453 aliis
1226 1401 1290 1454 luce
1312 1401 1416 1454 clarius

199 1483 320 1549 aperuit,
333 1483 401 1535 dum
418 1496 469 1533 nos
480 1483 529 1546 qui
541 1483 577 1534 ad
585 1484 697 1547 tempus
706 1482 926 1547 credideramus,
944 1483 1054 1534 radices
1071 1497 1128 1534 non
1140 1483 1278 1536 habentes
1290 1486 1416 1551 tenpore

199 1566 393 1630 temptationis
405 1565 540 1616 aruimus.
555 1565 627 1616 Nam
644 1579 709 1616 cum
720 1566 847 1630 prelatus
860 1565 1038 1629 Lambertus,
1054 1566 1122 1630 quia
1137 1566 1353 1632 presentialiter
1364 1581 1416 1620 nou

196 1649 317 1713 poterat,
332 1647 446 1712 scriptis
465 1647 582 1711 propria
592 1660 677 1697 manu
690 1649 719 1698 et
728 1647 901 1698 transmissis
920 1646 1158 1713 appellationibus
1167 1662 1225 1710 eos,
1236 1650 1286 1714 qui
1296 1649 1326 1700 in
1336 1650 1416 1701 inno·

196 1731 317 1782 centiam
327 1743 406 1781 suam
416 1729 509 1780 acrius
519 1730 641 1795 grassati
653 1728 829 1790 videbantur,
840 1729 875 1780 ad
887 1729 961 1781 sedis
981 1729 1135 1795 apostolice
1151 1731 1291 1796 iudicium
1303 1744 1416 1783 evocas·

197 1814 250 1875 set,
276 1813 337 1864 tota
362 1812 512 1863 adversum
534 1825 586 1862 nos
615 1812 820 1877 persecutionis
845 1813 1006 1876 tempestas,
1036 1825 1091 1877 que
1116 1826 1249 1878 processu
1277 1814 1416 1879 temporis

195 1894 343 1961 paululum
353 1896 485 1961 mitigata
495 1895 654 1957 videbatur,
666 1908 764 1946 rursus
776 1893 929 1958 inhorruit,
949 1896 1025 1960 ipsos
1047 1896 1097 1960 qui
1109 1895 1308 1962 appellationis
1326 1894 1416 1961 baiuli

196 1979 319 2040 ruerant,
329 1977 600 2044 primosinvolvens.
614 1978 676 2029 Duo
689 1978 795 2030 etenim
807 1991 915 2039 eorum,
926 1978 975 2043 qui
986 1978 1022 2029 ad
1031 1978 1162 2030 abbatem
1170 1978 1205 2031 de
1217 1978 1356 2031 Floreffla
1367 1978 1416 2030 hac

196 2062 232 2113 de
248 2073 334 2113 causa
353 2060 455 2112 directi
474 2061 597 2122 inerant,
619 2061 654 2111 ab
677 2074 711 2112 eo
728 2060 963 2126 capti,cathenati
983 2062 1012 2112 et
1028 2061 1058 2111 in
1078 2059 1203 2112 claustro
1225 2060 1416 2114 ecclesiastice

196 2144 364 2197 afflictiones
392 2143 549 2196 carcerales
569 2145 688 2210 experti,
717 2146 814 2195 utrum
839 2144 986 2196 custodum
1011 2143 1152 2196 industria
1177 2158 1213 2197 an
1239 2143 1416 2211 negligentia

194 2228 345 2290 incertum,
362 2228 426 2292 post
446 2229 509 2278 octo
527 2227 587 2279 dies
599 2228 665 2277 sunt
675 2225 774 2291 elapsi.
795 2225 915 2287 Quidam
932 2227 1027 2279 autem
1047 2226 1242 2279 claustralium
1259 2227 1373 2279 altioris
1391 2228 1416 2280 el

194 2310 370 2375 benignioris
393 2308 584 2375 intelligentie
607 2309 782 2361 horrendum
803 2322 866 2361 esse
889 2310 918 2360 et
928 2311 1139 2361 monstruosum
1150 2310 1316 2362 asserebant
1333 2310 1371 2362 ab
1383 2322 1416 2363 ea

195 2392 317 2445 ecclesia
329 2391 478 2443 Dominice
489 2392 628 2457 passionis
645 2391 782 2456 mysteria
806 2390 945 2443 celebrari
962 2391 1021 2442 sive
1040 2405 1092 2457 pro
1113 2392 1225 2443 afflictis
1247 2393 1277 2444 et
1296 2393 1416 2458 captivis

194 2476 281 2538 orari,
295 2489 350 2539 que
360 2475 486 2541 captivos
497 2475 559 2539 ipsa
571 2473 732 2540 affligendo,
745 2473 846 2537 quoda
858 2474 917 2525 Deo
929 2474 1044 2539 petebat
1055 2474 1128 2535 riori,
1141 2487 1172 2526 se
1192 2473 1269 2526 nolle
1289 2488 1416 2540 compro

192 2558 286 2611 habat.
301 2557 380 2612 Alius
392 2559 500 2619 itidem,
519 2558 567 2621 qui
588 2557 683 2608 abbati
700 2556 736 2607 de
757 2556 858 2608 Sancto
880 2555 1033 2607 Laurentio
1054 2556 1253 2621 appellationis
1276 2555 1416 2609 cartulam

191 2646 368 2708 porrexerat,
383 2643 418 2692 ab
431 2642 492 2705 ipso
504 2643 534 2692 et
544 2640 683 2690 ministris
694 2639 753 2690 suis
764 2640 908 2690 insecutus
919 2639 957 2700 et,
970 2641 1003 2689 ut
1014 2638 1312 2703 comprehenderetur,
1325 2638 1416 2691 multo

192 2724 328 2775 scrutinio
341 2737 393 2789 per
404 2724 530 2774 triduum
547 2723 683 2786 quesitus,
701 2722 749 2771 vix
761 2719 873 2786 elapsus
885 2723 936 2774 est.
957 2720 1038 2772 Alius
1055 2722 1142 2773 etiam
1159 2722 1270 2773 abbatis
1288 2720 1415 2775 Cornelii

189 2807 303 2871 montis,
326 2807 372 2858 eui
395 2794 615 2870 appellationem
634 2804 802 2869 porrexerat
824 2805 853 2855 et
881 2805 1073 2868 nunciaverat,
1102 2804 1329 2870 persecutionem
1356 2817 1413 2857 nou

186 2890 281 2940 terena
293 2891 322 2940 et
334 2889 395 2953 ipse
404 2889 525 2954 aufugit.

222 2970 280 3022 Nos
301 2983 369 3022 vero
390 2971 520 3022 omnibus
539 2969 762 3022 miserabiliores
782 2969 817 3021 ad
836 2969 983 3033 judicium,
1007 2968 1139 3034 episcopo
1159 2970 1255 3021 tamen
1288 2970 1415 3032 ahsente,

187 3053 290 3114 vocati,
303 3067 367 3105 cum
376 3053 544 3105 vidissemus
563 3054 677 3104 ventum
696 3052 822 3103 validum
838 3051 998 3103 venientem
1016 3052 1170 3112 timuimus,
1184 3052 1320 3116 omnique
1331 3053 1413 3104 lorti·

188 3135 287 3187 tudine
299 3136 427 3187 dest‘tuti
451 3136 726 3201 promissionumque
736 3135 921 3199 pristinarum
944 3135 1123 3186 immemores
1147 3135 1177 3184 in
1198 3133 1288 3185 oculis
1312 3135 1367 3186 Dei
1386 3137 1416 3188 et

189 3216 335 3270 hominum
356 3218 514 3269 corruendo
534 3230 607 3281 pene
627 3215 843 3281 desperabiliter
862 3229 958 3267 sumus
975 3215 1061 3267 allisi.
1082 3215 1156 3267 Hinc
1174 3228 1297 3280 namque
1316 3217 1412 3279 minis,

189 3299 255 3352 inde
267 3301 408 3366 precibus,
429 3299 496 3350 hinc
519 3298 673 3360 blanditiis,
691 3298 757 3350 inde
778 3298 936 3350 terroribus
948 3298 1054 3349 diutius
1066 3298 1176 3364 agitati,
1190 3298 1304 3350 tandem
1314 3298 1413 3351 dolosa

188 3383 288 3433 decani
299 3383 389 3433 nostri
401 3382 584 3448 persuasione
594 3382 629 3432 ad
641 3381 679 3441 id,
691 3380 766 3444 quod
778 3394 830 3445 per
841 3394 889 3431 eos
902 3381 1054 3440 nitebatur,
1073 3378 1202 3431 diabolus
1215 3393 1266 3432 nos
1280 3379 1412 3432 obtinuit.

189 3464 250 3516 Hee
260 3466 354 3516 autem
367 3466 429 3516 erat
440 3477 550 3516 summa
560 3462 777 3514 machinationis
789 3476 888 3514 eorum
899 3463 1029 3525 intentio,
1040 3463 1072 3512 ut
1082 3462 1217 3513 domnum
1229 3462 1413 3514 Lambertum

188 3547 388 3612 presbiterum,
399 3559 483 3610 quem
495 3546 559 3610 post
570 3544 741 3608 captivitatis
753 3545 934 3609 naufragium
942 3545 972 3594 in
982 3542 1129 3607 apostolici
1146 3545 1246 3608 portus
1256 3543 1413 3596 stabilitate

190 3629 360 3696 applicuisse
388 3628 530 3692 dolebant,
559 3628 652 3677 virum
677 3627 775 3690 utique
803 3625 943 3677 catholica
963 3627 1018 3677 ilde
1035 3625 1161 3691 plenum,
1188 3627 1318 3678 caritatis
1346 3626 1409 3679 luce

190 3712 383 3776 conspicuum,
395 3711 476 3774 quasi
483 3708 641 3760 hereticum
653 3721 703 3758 nos
715 3709 857 3772 abnegare
867 3711 895 3758 et
905 3707 1090 3771 jnch'urando
1104 3707 1236 3758 abdicare
1254 3708 1411 3771 efficerent,

188 3797 219 3846 ut
232 3792 366 3844 videlicet
382 3791 426 3843 vel
438 3792 580 3843 modicum
591 3790 659 3854 quid
668 3789 886 3853 habereturque
899 3790 1103 3854 turpitudinem
1114 3789 1293 3842 crudelitatis
1304 3790 1336 3841 in
1348 3802 1413 3843 eum

188 3876 313 3928 exercite
323 3889 435 3940 quoquo
447 3875 531 3925 modo
539 3874 655 3939 possent
663 3873 785 3938 operire.
800 3871 926 3922 Instabat
938 3872 1033 3934 itaque
1051 3873 1178 3938 prelatus
1195 3872 1320 3925 decanus
1331 3874 1411 3938 quasi

187 3960 339 4011 discrimen
357 3971 492 4024 magnum
513 3970 530 4007 a
549 3958 631 4008 uobis
648 3955 798 4007 moliretur
814 3958 951 4015 avertere,
972 3956 1118 4006 sciscitans
1135 3956 1202 4018 quid
1214 3955 1249 4008 de
1266 3968 1303 4007 eo
1315 3958 1413 4009 nostra

188 4041 309 4093 sentiret
320 4039 502 4091 conscientia.
509 4037 669 4102 Respondit
679 4050 752 4087 unus
763 4050 815 4100 pro
827 4034 1103 4097 omnibus,dominus
1114 4035 1247 4088 videlicet
1255 4037 1410 4100 Robertus,

189 4127 234 4178 vir
246 4123 367 4189 simplex
384 4127 414 4175 et
425 4124 519 4175 rectus
531 4137 564 4173 ac
579 4123 682 4173 timens
701 4121 811 4171 Deum:
832 4119 956 4180 «Quare,
979 4119 1081 4171 domne
1099 4120 1214 4181 decane,
1233 4121 1264 4170 tu
1282 4121 1313 4172 et
1328 4131 1412 4172 omne

188 4206 341 4259 concilium
354 4210 475 4258 mertem
486 4206 572 4255 sititis
584 4205 678 4255 anime
689 4215 752 4253 mee
764 4205 774 4253 t
796 4203 840 4252 An
860 4202 975 4253 nescitis
985 4203 1052 4266 quia
1063 4203 1111 4266 qui
1123 4206 1205 4267 parat
1216 4205 1349 4267 proximo
1361 4217 1410 4256 suo

186 4291 306 4352 foveam,
315 4289 421 4342 incidet
430 4290 460 4340 in
472 4291 553 4340 eamt
566 4287 595 4338 Si
607 4300 662 4352 ego
674 4298 748 4346 eum,
766 4284 839 4335 sicut
858 4285 1043 4348 persuadetis,
1068 4284 1226 4336 hereticum
1242 4287 1411 4351 pronuncio,

186 4374 302 4438 proprie
314 4372 411 4438 lingue
423 4383 558 4421 mucrone
567 4381 659 4420 meam
671 4367 873 4418 conscientiam
890 4364 974 4417 simul
984 4367 1013 4418 et
1024 4368 1146 4418 animam
1155 4367 1299 4420 confodio.
1315 4360 1413 4421 Nichil

185 4456 261 4508 enim
282 4456 401 4521 dignum
421 4451 652 4518 reprehensione,
675 4449 756 4501 testis
771 4450 814 4500 est
834 4449 919 4510 Deus,
938 4462 983 4500 me
1003 4450 1124 4514 contigit
1143 4450 1173 4500 in
1189 4463 1224 4501 eo
1241 4450 1350 4505 vidisse
1367 4451 1413 4505 vel

182 4537 305 4600 audisse,
329 4537 378 4590 sed
398 4535 452 4587 hoc
472 4548 518 4588 me
540 4535 654 4596 vidisse,
675 4531 729 4584 hoc
745 4545 791 4585 me
808 4533 921 4584 audisse
938 4530 1033 4597 palam
1052 4533 1200 4595 confiteor,
1223 4532 1292 4596 quia
1315 4537 1413 4588 vestro
