3188 5340
334 113 367 167 52
850 113 956 167 ANNO
974 110 1038 164 lucr

328 285 373 351 De
388 283 513 371 koning
528 283 640 352 msakt
655 285 730 350 hem
746 282 872 350 bekend
897 282 1041 370 metzijn
1066 281 1190 349 inrioht
1213 302 1265 349 om
1288 281 1327 348 de
1344 281 1435 359 orde,
1469 282 1543 349 vion

328 385 576 474 aisohuvelijke
602 386 731 474 kettsrij
757 385 895 472 onlangs
919 406 981 453 san
1006 385 1068 452 den
1092 385 1207 471 dagis
1235 384 1407 471 gekomsn,
1425 383 1470 473 bij
1488 384 1544 452 deu

328 510 410 577 paus
425 510 487 557 aaa
503 496 537 557 te
552 488 686 575 klagen,
712 510 752 557 en
769 489 814 577 hij
832 493 927 575 roept
949 489 1011 555 den
1031 489 1250 555 Visamschcn
1266 486 1365 574 graui
1376 488 1543 575 alsnijncn

327 593 484 662 leenhecr
499 613 552 679 op,
570 614 622 659 om
639 593 713 659 hem
729 591 930 681 persoonlijk
942 590 979 658 of
987 591 1068 658 door
1083 610 1186 658 senen
1205 591 1501 678 plaatsvsrvsnger
1511 611 1545 677 op

325 717 431 764 censu
446 696 616 783 gestclden
633 697 765 785 termijn
779 700 812 763 16
828 696 932 763 Tours
948 702 982 763 te
999 695 1116 761 komen
1133 714 1328 781 vervoegen.

359 834 519 901 Philippus,
533 835 586 886 Dei
598 835 692 900 gratis
703 834 878 886 Francorum
894 847 956 894 rex,
974 832 1079 886 dilecto
1098 835 1127 884 et
1139 831 1217 886 fideli
1235 834 1332 886 nostro
1350 833 1450 885 comiti
1463 831 1542 885 Flan-

327 919 407 971 driae
418 917 539 970 salutem
551 921 581 969 et
591 917 786 969 dilectionem,

359 1001 438 1054 Fidei
449 1000 526 1053 zelus
538 999 695 1053 catholicae
705 1014 756 1051 nos
773 1001 920 1064 quiescere
932 1014 988 1051 non
997 1001 1149 1065 permittit,
1166 999 1326 1065 quominus,
1336 1000 1368 1051 ut
1380 999 1493 1051 inimici
1505 1012 1547 1050 no

328 1086 413 1136 minis
432 1083 522 1136 Jehsu
547 1083 661 1144 Christi,
686 1083 740 1134 nisi
764 1097 816 1147 per
838 1097 935 1135 veram
955 1083 1159 1147 poenitentiam
1182 1084 1393 1143 convertantur,
1412 1081 1448 1134 de
1471 1082 1548 1148 regni

327 1168 417 1219 nostri
430 1167 533 1218 fluibus
545 1165 735 1231 expellantur,
748 1167 890 1217 continuis
914 1166 1023 1216 actibus
1041 1166 1215 1218 insudemus.
1234 1164 1323 1217 Error
1334 1177 1403 1216 sune
1422 1162 1546 1228 Templa·

327 1234 434 1301 riorum
447 1252 505 1301 tam
517 1248 705 1300 abhominniis
719 1262 810 1313 nuper
821 1249 851 1299 in
863 1247 955 1299 lucem
967 1248 1104 1318 deductus
1116 1263 1134 1301 s
1145 1249 1266 1300 Domino
1277 1248 1357 1298 vobis
1368 1248 1504 1308 innotuit,
1517 1247 1547 1299 ad

327 1346 411 1397 quem
423 1335 545 1384 assueta
557 1332 609 1382 Dei
622 1330 742 1382 ecclesia
760 1331 959 1395 extirpandum
982 1331 1110 1394 quisquis
1127 1329 1283 1386 catholicus
1302 1329 1451 1393 potissime
1463 1327 1546 1380 eccle

327 1415 433 1467 siarum
455 1414 576 1480 praelati
598 1415 628 1464 in
646 1415 707 1479 ipsa
725 1414 778 1465 Dei
796 1412 917 1465 ecelesia
940 1413 1135 1478 praesidentes
1155 1412 1297 1463 tenentur.
1319 1410 1482 1475 Espropter
1501 1423 1546 1460 nos

327 1499 543 1564 progenitorum
560 1498 722 1547 nostrorum
743 1497 872 1561 vestigiis
894 1495 1085 1554 inhaerentes,
1104 1496 1152 1558 qui
1170 1494 1317 1560 negotium
1333 1491 1498 1557 hujusmodi
1514 1492 1546 1544 sd

326 1581 518 1633 detonsionem
538 1578 604 1630 fidei
621 1580 765 1630 ferventer
776 1579 988 1643 assumpsimus,
1006 1592 1070 1629 cum
1088 1578 1149 1642 eJ‘us
1162 1575 1278 1638 auxilio,
1292 1576 1372 1640 cujus
1383 1589 1432 1627 res
1443 1575 1546 1642 agitur,

328 1665 358 1716 in
369 1662 423 1715 hac
434 1667 515 1728 parte
527 1663 683 1714 ferventius
700 1663 793 1728 ipsum
809 1663 945 1728 prosequi
964 1664 994 1714 et
1011 1676 1061 1712 nos
1079 1660 1311 1727 adapostolicam
1321 1659 1420 1717 sedem
1430 1660 1461 1711 in
1474 1659 1548 1711 brevi

327 1747 483 1799 transferre
506 1745 699 1809 proponimus,
720 1758 771 1810 pro
792 1743 848 1795 hiis
869 1747 898 1795 61
915 1742 989 1807 aliis,
1011 1747 1096 1808 prout
1124 1745 1221 1794 nostro
1250 1743 1331 1794 decet
1351 1741 1548 1801 ministerium,

326 1828 533 1894 promovendis,
554 1829 678 1879 vestram
697 1827 787 1892 igitur
806 1826 1026 1878 sollicitudinem
1050 1826 1215 1887 excitamus,
1234 1826 1313 1876 vobis
1330 1825 1382 1876 snb
1403 1822 1551 1876 fidelitatis

327 1909 449 1972 vinculo,
462 1923 517 1973 quo
529 1909 611 1960 nobis
633 1909 761 1961 abstricti
784 1910 947 1971 teneamini,
970 1910 1163 1975 injungentes,
1185 1909 1324 1972 quatenus
1338 1907 1373 1958 ad
1391 1908 1452 1957 tres
1464 1906 1547 1971 septi-

327 2004 424 2044 manas
440 1993 571 2043 instantis
583 1991 731 2043 Paschatis
743 1992 824 2042 nohis
842 1992 872 2042 in
884 1991 1047 2056 praemissis
1059 2004 1142 2056 opem
1159 1993 1189 2042 et
1210 1988 1360 2042 consilium
1377 1988 1547 2054 impensuri,

326 2075 472 2126 nobiscum
489 2074 563 2139 apud
575 2073 705 2126 Turones
721 2074 867 2135 intersitis,
880 2071 925 2125 vel
943 2072 1044 2124 saltem
1061 2074 1275 2137 procuratorem
1291 2070 1336 2125 vel
1348 2072 1551 2138 procuratores

326 2157 443 2209 idoneos
455 2158 489 2209 ad
501 2172 552 2209 nos
564 2159 681 2222 propter
690 2156 760 2208 haec
769 2156 927 2208 destinetis.
1392 2158 1395 2163 ’

357 2241 460 2293 Actum
471 2240 624 2302 Meleduni,
637 2240 684 2291 die
696 2240 770 2303 xxvj.
790 2237 895 2300 Martii,
909 2252 982 2290 anno
1005 2238 1118 2289 Domini
1132 2238 1175 2289 11ο
1185 2237 1262 2290 0000
1278 2236 1407 2302 septimo.
1426 2233 1465 2288 Et
1483 2235 1550 2288 croit

324 2319 407 2373 ocelle
416 2319 485 2372 d'sm
490 2319 587 2388 prend
597 2335 680 2373 sceau
690 2335 725 2372 en
737 2322 792 2372 circ
800 2317 926 2372 blanche.

587 2438 631 2489 Du
643 2437 715 2503 Puy,
729 2437 849 2489 Histoire
861 2434 895 2486 dc
911 2433 939 2486 la
951 2433 1172 2487 condamnation
1188 2432 1237 2486 des
1258 2430 1418 2501 Templiera
1432 2431 1498 2484 deel
1512 2431 1552 2495 11,

619 2519 670 2570 blz.
683 2520 749 2584 322;
775 2519 898 2570 Miraeus
910 2532 946 2570 en
959 2518 1100 2585 Foppens,
1115 2516 1205 2584 Opera
1213 2514 1401 2585 diplomatica,
1412 2515 1477 2568 deci
1496 2514 1550 2577 111,

620 2602 672 2653 blz.
687 2603 742 2654 151.

826 2789 876 2854 ca
902 2779 1053 2874 (icir).

369 2994 460 3067 1107,
488 2990 628 3059 October
652 2995 701 3066 11,
728 2991 884 3076 depereo.
917 2991 1102 3059 Notaridsie
1134 2996 1206 3058 acte
1232 2989 1346 3057 aldaar
1374 2989 1548 3077 opgsstsld

324 3101 381 3166 ten
394 3098 489 3166 huize
500 3118 564 3165 van
581 3118 682 3164 senen
697 3094 830 3183 burger,
849 3097 1045 3166 bevattende
1061 3099 1101 3165 de
1113 3099 1185 3164 vier
1201 3096 1359 3183 volgends
1375 3095 1548 3165 stukksn:

327 3202 362 3267 1ο
386 3200 452 3268 Een
480 3200 572 3268 bevel
590 3222 653 3268 van
671 3201 733 3267 den
749 3201 941 3268 Franscheu
957 3200 1083 3287 koning
1099 3200 1224 3286 Pliilips
1250 3200 1298 3267 IV
1321 3200 1384 3267 den
1400 3198 1552 3266 Schoone

323 3305 502 3393 (Pontoise
529 3305 573 3372 20
596 3303 785 3390 September
804 3304 915 3389 1307),
946 3305 1074 3390 gericht
1102 3311 1150 3372 tot
1176 3304 1209 3371 al
1233 3304 1273 3370 de
1297 3303 1493 3391 gcestelijke
1509 3323 1550 3370 en

323 3408 525 3494 wereldlijke
542 3407 727 3473 overheden
747 3427 809 3472 van
829 3407 894 3493 zijn
912 3407 1117 3494 koningrijk,
1136 3407 1203 3473 hun
1221 3406 1398 3473 bevolende
1414 3406 1448 3472 in
1463 3407 1551 3474 alles

324 3514 357 3579 te
374 3512 611 3597 gchoorzamen
636 3529 699 3575 aen
724 3510 878 3587 Reiuout,
904 3509 1030 3576 vidame
1053 3510 1299 3598 (vicedominus)
1327 3528 1392 3575 van
1416 3509 1553 3596 Peoqui·

324 3636 404 3702 guy,
423 3616 484 3681 Jan
504 3632 567 3679 van
582 3615 754 3681 Varennes
779 3632 819 3678 en
843 3611 906 3679 den
929 3611 1051 3702 baljuw
1078 3634 1139 3679 van
1164 3613 1308 3690 Amicus,
1336 3612 1421 3700 zijne
1437 3615 1552 3699 gevol-

323 3715 543 3803 machtigden.
561 3754 606 3765 -
623 3716 657 3781 2ο
674 3716 740 3782 Een
759 3713 851 3781 bevel
870 3737 932 3782 van
956 3714 1148 3782 donzelfden
1171 3715 1296 3803 koning
1315 3735 1378 3783 aan
1402 3714 1552 3784 dezelfde

321 3820 392 3886 drie
406 3819 588 3907 (Pontoise,
609 3819 649 3885 14
664 3818 853 3903 September
872 3819 983 3908 1307),
1003 3819 1138 3905 waarbij
1157 3818 1203 3906 hij
1221 3819 1291 3886 hun
1308 3818 1349 3886 de
1365 3819 1552 3908 ketterijcn

324 3944 363 3987 en
380 3922 628 4009 afschuwelijkc
644 3921 825 4009 praetijlsen
853 3921 911 3988 der
928 3919 1188 4007 Tempelridders
1203 3919 1487 4000 ostendiculum
1505 3943 1551 3990 na

323 4026 574 4093 overeenkomst
590 4028 657 4091 met
671 4026 734 4091 den
761 4045 842 4112 psus
859 4045 901 4091 en
918 4031 984 4092 met
1007 4025 1046 4091 de
1070 4025 1262 4112 goestelijks
1285 4044 1326 4091 en
1342 4024 1555 4114 woreldlijks

321 4128 417 4196 leden
431 4150 494 4196 van
510 4129 619 4215 zijuen
635 4128 780 4196 Grooten
794 4128 898 4210 Raad,
908 4149 948 4195 en
962 4149 1007 4195 na
1019 4149 1079 4196 een
1092 4127 1278 4196 onderaoek
1290 4126 1456 4215 ingesteld
1467 4128 1554 4198 door
