3188 5340
188 487 238 542 212
703 481 806 536 ANNO
820 482 889 536 ists

186 654 330 719 denegare
338 664 441 717 corpus
452 648 572 712 Christi;
585 650 659 714 quod
672 650 696 701 si
710 650 833 717 deneget
844 651 936 702 dictus
947 651 1074 714 curatus,
1083 651 1183 714 peccat
1203 648 1372 703 mortaliter
1390 651 1419 702 et

187 738 231 789 est
248 733 518 788 excommunicatus.
531 731 582 784 Est
596 735 830 798 presumptuosus
841 737 870 785 et
882 733 1063 795 temerarius,
1075 733 1105 784 et
1124 733 1154 783 in
1169 733 1225 784 fine
1243 733 1275 783 in
1287 733 1417 784 moribus

187 818 254 870 iidei
264 830 410 870 erroneus.

168 943 175 954 .
218 900 324 962 „Item
342 899 418 964 quod
435 899 532 950 statim
548 900 663 963 peccato
681 896 800 970 mortali
812 897 973 958 commisso,
991 897 1125 962 peccator
1142 897 1195 949 sub
1207 909 1284 962 pena
1300 897 1414 964 peccati

184 982 313 1036 mortalis
324 983 409 1035 debet
428 981 500 1033 illud
522 982 661 1042 confiteri,
683 981 846 1046 priusquam
862 979 934 1031 illud
954 980 1148 1032 obliuiscatur.
1167 980 1218 1031 Est
1228 993 1373 1033 erroneus
1384 980 1412 1031 in

184 1066 311 1135 moribus
323 1068 564 1117 sacramentorum
576 1067 605 1116 et
615 1063 682 1116 fidei
696 1064 877 1117 temerarius.

219 1170 232 1193 η
242 1147 325 1209 Item,
338 1146 414 1211 quod
425 1160 481 1197 non
493 1147 537 1199 est
547 1143 662 1197 mulieri
674 1159 744 1209 opus
756 1146 912 1211 purificari,
927 1145 1063 1210 quinymo
1075 1144 1130 1196 hoc
1141 1143 1254 1197 scilicet
1266 1143 1414 1209 purificari

185 1229 396 1295 estJ‘udayaare.
406 1229 456 1280 Est
464 1230 632 1280 temerarius
641 1231 670 1280 et
678 1227 860 1279 scandalosus
869 1226 897 1278 in
907 1228 1034 1279 moribus
1043 1230 1073 1279 et
1083 1227 1274 1291 obseruantijs
1282 1225 1414 1278 ecclesie.

219 1335 232 1358 n
242 1312 325 1373 Item,
347 1310 422 1376 quod
433 1310 592 1378 presbyteri
613 1309 719 1375 publici
732 1311 925 1374 concubiumij
940 1312 1006 1362 sunt
1024 1309 1264 1361 excommunicati
1276 1310 1307 1361 et
1319 1321 1416 1361 secum

184 1395 309 1447 scienter
318 1393 530 1460 participantes.
544 1393 595 1444 Est
606 1394 839 1458 presumptuosus
850 1395 879 1445 et
896 1392 1091 1455 scandalosus,
1104 1392 1174 1446 etin
1187 1392 1317 1446 secunda
1332 1394 1414 1458 perte
1442 1400 1445 1404 '

185 1489 333 1532 erroneus.

219 1558 326 1622 sltem,
356 1558 431 1623 quod
453 1559 613 1624 presbyteri
641 1556 836 1610 concubinarii
858 1558 966 1622 publici
987 1561 1053 1610 sunt
1072 1559 1187 1624 peiores
1209 1557 1300 1620 duda,
1319 1558 1415 1624 quide

184 1632 286 1697 loculis
304 1643 496 1710 apostolorum
510 1643 630 1694 nutriuit
642 1656 722 1694 suam
744 1643 931 1694 concubinam
943 1645 973 1696 et
997 1657 1063 1695 suas
1083 1642 1189 1708 proles.
1203 1643 1256 1695 ilat
1267 1656 1414 1709 presump-

184 1723 282 1779 tuosus
294 1728 321 1778 et
332 1727 362 1778 in
374 1726 500 1777 moribus
514 1724 634 1778 ecclesie
646 1737 793 1776 erroneus.

218 1809 412 1874 „1tem,qu0u
429 1807 525 1873 plures
536 1806 726 1859 sacerdotesa
743 1808 853 1858 modico
871 1808 999 1872 tempore
1016 1808 1091 1860 citra
1107 1806 1334 1860 licentianerunt
1346 1809 1410 1860 dcte

187 1906 252 1944 suas
275 1891 460 1954 concubinas;
481 1891 555 1951 ficte,
576 1890 702 1954 inquam,
726 1890 792 1953 quia
810 1888 919 1941 occulte
938 1890 1038 1941 bibunt
1056 1892 1084 1942 et
1096 1890 1251 1942 comedunt
1270 1904 1338 1942 oum
1355 1891 1412 1942 suis

184 1973 359 2037 concubinis,
372 1972 447 2037 quod
459 1971 553 2023 nullus
570 1972 687 2023 deberet
698 1972 771 2035 pati3
791 1985 855 2037 ymo
864 1986 932 2023 'cum
946 1972 1055 2024 elsdem
1074 1972 1272 2025 sacerdotibus
1290 1972 1411 2038 publicis

184 2055 392 2120 concubinarijs
404 2059 605 2107 conuersantes
615 2056 643 2105 ct
655 2068 703 2106 eos
716 2056 905 2107 fauorisantes
917 2056 1021 2107 suntin
1033 2057 1096 2120 pari
1109 2058 1238 2120 peccato,
1252 2059 1282 2108 et
1293 2060 1412 2121 peccant

185 2140 234 2204 qui
258 2152 307 2191 eos
329 2139 459 2189 nituntur
477 2151 614 2190 excusare
631 2137 709 2188 falsis
733 2136 830 2203 glosis.
855 2138 906 2189 Est
928 2139 1083 2190 sediciosus
1105 2140 1135 2190 et
1157 2138 1273 2204 piarum
1296 2139 1407 2192 aurium

185 2223 340 2274 odensiuus
356 2222 385 2272 et
396 2221 426 2271 in
438 2221 564 2271 moribus
578 2220 698 2272 ecclesie
711 2223 868 2284 suspectus.
1194 2222 1195 2225 ’

219 2303 324 2365 altem,
349 2303 373 2353 si
395 2303 574 2367 parrochianj
603 2303 723 2354 alicuius
744 2303 836 2353 curati
864 2304 1057 2368 concubinarii
1082 2304 1191 2369 publici
1218 2306 1295 2358 bene
1318 2305 1405 2357 Deum

188 2385 351 2452 diligerent,
363 2385 501 2437 deberent
513 2384 644 2436 inhibere
656 2399 707 2435 suo
720 2385 817 2435 curato
830 2384 944 2449 publico
958 2387 1171 2448 concubinario,
1186 2400 1223 2439 ne
1235 2389 1352 2440 missam
1363 2389 1408 2438 aut

185 2467 263 2520 aliud
275 2468 405 2519 diuinum
416 2468 540 2519 offleIum
560 2481 656 2518 coram
672 2467 780 2518 eisdem
797 2467 994 2531 parrochianis
1011 2468 1181 2522 celebraret.
1202 2471 1254 2522 Est
1265 2473 1406 2536 suspectus

185 2550 215 2602 in
238 2551 364 2602 moribus
382 2548 501 2602 ecclesie
518 2552 548 2601 et
564 2549 745 2600 scandalosus
760 2552 789 2600 et
800 2550 876 2602 inter
898 2550 1034 2603 articulos
1055 2551 1285 2605 Wicledstarum
1302 2553 1410 2626 sentem

185 2632 294 2685 tiaIIter
305 2633 538 2697 condempnatus.
617 2701 621 2706 Δ

220 2714 406 2778 »Item,quod
415 2714 552 2766 iacientes
561 2711 701 2765 celebrari
710 2715 811 2766 missas
820 2728 872 2779 per
881 2715 1042 2767 sacerdotes
1051 2715 1274 2769 concubinarios
1283 2716 1401 2783 publicos

185 2799 303 2862 peccant
314 2795 484 2848 mortaliter.
493 2795 732 2848 IIstscandalosus
742 2801 770 2848 et
782 2798 938 2849 sediciosus
950 2798 980 2849 in
996 2798 1124 2850 moribus
1140 2798 1265 2852 ecclesie
1281 2803 1310 2852 et
1320 2802 1398 2851 teme

186 2880 280 2932 rarius
289 2879 319 2930 in
327 2878 426 2930 ultima
437 2879 480 2929 sui
493 2880 582 2943 parte.

219 2982 233 3005 n
243 2960 325 3023 Item,
343 2960 418 3025 quod
440 2960 586 3012 audientes
598 2962 722 3013 scienter
733 2962 833 3013 missas
846 2963 1024 3015 sacerdotum
1042 2963 1225 3028 publicorum
1236 2963 1397 3016 concubina-

187 3044 294 3096 riorum
307 3045 424 3109 peccant
436 3044 604 3096 mortaliter.
619 3045 670 3095 Est
682 3046 851 3097 temerarius
867 3047 936 3098 etin
950 3046 1076 3097 moribus
1086 3045 1394 3101 ecclesiescandalosus.

221 3147 233 3169 n
244 3125 326 3186 Item,
339 3125 368 3175 in
380 3125 522 3190 aliquibus
534 3140 696 3178 sermonum
709 3141 824 3179 suorum
838 3128 929 3179 dictus
942 3129 1100 3194 Serrurarij
1113 3131 1235 3182 vocabat
1246 3133 1276 3182 et
1292 3129 1393 3195 presby·

186 3208 264 3260 teres
272 3209 383 3259 vocauIt
395 3209 550 3260 obstinatos
563 3211 592 3260 et
603 3210 780 3274 reprobatos,
794 3210 939 3262 addiciens
953 3210 1081 3272 vlterius,
1095 3212 1170 3275 quod
1183 3227 1240 3265 non
1253 3213 1314 3264 siue
1324 3220 1392 3262 causa
1443 3254 1445 3265 .

186 3290 337 3355 presbiteri
349 3292 522 3342 vocabantur
533 3291 648 3356 ribaldJ'.
663 3292 713 3343 llst
724 3293 907 3344 scandalosus
925 3295 954 3344 et
965 3293 1132 3359 iujuriosus.
1443 3280 1445 3293 Ι

221 3393 233 3416 a
243 3372 325 3433 item,
338 3374 411 3437 quod
423 3374 536 3425 deferre
553 3373 690 3425 honorem
703 3375 811 3426 feretro
824 3374 900 3426 beati
912 3376 1030 3428 Antonii
1050 3379 1114 3428 erat
1126 3377 1237 3429 crimen
1258 3372 1388 3442 ydoneis·

185 3451 236 3505 Est
247 3453 374 3507 absolute
386 3456 567 3508 scandalosus
579 3460 608 3507 et
617 3457 728 3521 piarum
738 3458 852 3508 aurium
865 3458 1031 3520 offensiuus,
1042 3461 1071 3510 ct
1080 3459 1110 3510 in
1119 3473 1188 3512 casu
1198 3473 1256 3524 quo
1265 3460 1294 3510 in
1302 3459 1387 3511 sereno

185 3535 262 3588 beati
274 3538 389 3588 Antonii
406 3539 501 3590 rorent
517 3538 648 3602 reliquie,
669 3540 773 3591 extunc
795 3540 838 3591 est
850 3540 879 3591 ln
900 3540 955 3591 ilde
968 3554 1104 3592 erroneus
1127 3542 1284 3594 secundum
1296 3541 1387 3593 bctmn

184 3617 372 3679 ieronimum,
382 3619 430 3683 qui
440 3623 557 3685 proptor
569 3620 832 3673 dehonestationem
844 3621 1032 3685 reliquiarum
1045 3626 1074 3674 et
1085 3625 1250 3675 sanctorum
1263 3621 1387 3689 puluerem

185 3699 324 3752 hereticat
337 3699 534 3766 VigIlantium.
831 3704 839 3712 “

219 3801 231 3829 ι
245 3781 327 3843 Item,
341 3783 414 3845 quod
426 3783 468 3833 illi
486 3786 534 3846 qui
545 3785 613 3836 dant
630 3785 664 3836 ad
677 3786 879 3838 comedendum
897 3787 991 3850 porcis
1008 3787 1202 3839 baiulantibus
1214 3783 1387 3854 campanulum

186 3863 261 3915 beati
286 3866 411 3929 Antonij,
424 3869 541 3929 peccant
564 3866 724 3918 mortaliter
745 3869 860 3920 racione
880 3870 1055 3933 precedenti.
1079 3869 1201 3921 Videtur
1226 3871 1257 3922 in
1285 3867 1390 3922 monbut

184 3946 304 3997 ecclesie
321 3959 457 3998 erroneus
474 3948 503 3997 et
520 3950 563 3998 est
580 3947 614 4000 de
631 3961 662 3999 se
680 3949 869 4012 scandalosus,
888 3952 918 4000 in
936 3951 993 4003 fine
1009 3965 1078 4003 vero
1095 3951 1125 4002 in
1144 3951 1273 4004 moribus
1289 3947 1391 4005 ecclesie
1443 3990 1445 3999 .

185 4042 331 4081 erroneus.

218 4113 326 4177 «Item,
346 4112 421 4177 quod
441 4111 562 4164 multum
581 4113 739 4166 mirabatur
759 4116 899 4178 quomodo
922 4115 1025 4180 prelati
1051 4116 1232 4169 sustinebant
1254 4117 1313 4171 tale
1330 4114 1395 4182 quid.

183 4195 292 4248 scilicet
302 4194 416 4247 deterre
425 4194 585 4247 huiusmodi
594 4196 733 4248 teretrum
744 4211 797 4261 per
805 4199 911 4262 patrias
921 4212 986 4250 suas
995 4201 1114 4264 propter
1123 4199 1209 4266 larga
1216 4200 1344 4264 donaria,
1351 4210 1398 4264 quc

183 4290 201 4328 a
219 4277 363 4343 religiosis
382 4277 473 4329 sancti
492 4277 629 4329 Anthonii
641 4276 794 4332 habebant.
816 4278 868 4331 Est
892 4281 1075 4333 scandalosus
1102 4283 1132 4333 et
1157 4281 1275 4346 piarum
1300 4283 1402 4336 cirrium

184 4360 347 4423 odensiuus,
359 4361 388 4411 et
399 4358 619 4424 apredicatione
630 4359 742 4427 vulgari
754 4363 918 4414 extraneus.

215 4462 229 4485 ι
241 4442 323 4504 Item,
341 4442 417 4506 quod
433 4441 561 4507 deputati
578 4441 615 4494 ad
631 4442 839 4506 deportandum
855 4444 1018 4510 hujusmodi
1036 4445 1178 4499 teretrum
1197 4460 1256 4500 non
1274 4450 1343 4504 sunt
1357 4447 1407 4502 nisi

181 4525 371 4591 trumpatores
380 4527 410 4580 et
421 4525 611 4578 oabusatores.
625 4522 677 4576 Est
687 4524 842 4590 injuriosus
851 4528 881 4580 et
891 4528 923 4579 in
935 4528 1062 4581 moribus
1075 4528 1142 4582 ndei
1152 4532 1319 4596 suspectus.
