3188 5340
698 485 803 540 ANNO
817 484 886 552 ,1419
1356 485 1407 540 eet

214 654 276 716 Qua
287 653 402 718 quidem
410 653 550 719 petitione
559 652 715 704 summaria
724 652 816 715 sic,ut
825 652 1011 718 premittitur,
1019 651 1123 715 oblata,
1136 651 1264 717 pretatus
1275 652 1406 704 dominus

181 736 335 790 cardinalis
345 737 432 788 iudex
443 737 473 788 et
484 735 704 798 commissarius,
718 736 792 788 siout
799 735 945 787 altissimo
957 734 1074 800 placuit,
1086 736 1162 789 diem
1172 736 1230 788 vite
1242 748 1292 789 sne
1304 735 1407 788 clausit

182 824 350 875 extremum.
380 821 560 885 Quapropter
584 819 712 884 prelatus
740 819 871 871 dominus
891 809 987 871 noster
1006 833 1081 885 papa
1105 833 1219 871 causam
1243 818 1406 871 huiusmodi

181 905 211 956 in
223 918 257 956 eo
270 907 355 966 statu,
368 904 398 955 in
409 917 465 968 quo
482 902 583 953 ultimo
601 915 697 952 coram
715 902 816 954 eodem
827 901 942 952 domino
953 900 1103 964 cardinali,
1120 902 1215 954 indice
1232 903 1262 954 et
1278 903 1405 954 commis·

183 987 269 1051 sario,
281 988 410 1052 tempore
429 985 523 1036 obitus
543 985 587 1035 sui
608 985 793 1046 remanserat,
817 984 1054 1035 reverendissimo
1077 985 1152 1049 patri
1171 985 1287 1036 domino
1307 985 1406 1046 Petro,

181 1071 364 1122 miseratione
392 1068 488 1119 divina
504 1068 601 1120 sancte
622 1067 712 1119 Marte
730 1069 760 1118 in
787 1067 924 1119 Domnica
946 1067 1110 1119 sacrosante
1134 1067 1264 1120 Romane
1286 1066 1407 1120 ecclesie

183 1154 303 1204 diacono
315 1150 464 1210 cardinali,
482 1149 667 1202 venetiarum
684 1150 790 1201 iuniori
812 1151 984 1213 nuncupato,
1002 1151 1065 1202 vive
1081 1150 1158 1202 vocis
1179 1151 1295 1202 oraculo
1314 1151 1407 1216 primo

182 1237 212 1287 ct
222 1236 325 1287 deinde
341 1235 460 1298 propter
474 1232 602 1285 eiusdem
619 1232 727 1284 domini
745 1231 897 1284 cardinalis
915 1232 1099 1284 venetiarum
1115 1233 1237 1285 iunioris
1248 1246 1265 1286 a
1277 1235 1407 1287 Romana

183 1318 264 1370 curia
288 1317 446 1370 absentiam
468 1317 550 1368 nobis
566 1315 722 1378 Anthonio,
735 1316 834 1367 eadem
857 1315 1041 1368 miseratione
1057 1316 1134 1368 tituli
1154 1317 1251 1368 sancte
1280 1317 1407 1370 Susanne

184 1402 260 1452 dicte
271 1401 401 1453 Romane
421 1399 541 1451 ecclesie
563 1399 722 1463 presbitero
740 1397 888 1460 cardinali,
912 1397 1098 1465 Aquilegensi
1123 1397 1281 1464 vulgariter
1302 1412 1407 1450 nuncu·

184 1484 261 1548 pato,
272 1481 413 1533 commisit
424 1480 626 1532 resumendum
637 1481 667 1532 et
678 1478 799 1532 ulterius
809 1479 980 1531 audiendum
989 1481 1019 1532 et
1027 1481 1083 1532 fine
1092 1478 1189 1531 debito
1198 1480 1408 1532 terminandum

184 1579 249 1617 cum
263 1564 394 1615 omnibus
417 1565 447 1615 et
468 1562 591 1629 singulis
607 1564 666 1614 suis
683 1562 907 1628 emergentibus,
924 1562 1124 1624 incidentibus,
1142 1562 1367 1626 dependentibus
1379 1565 1409 1615 et

184 1648 328 1699 connexis.
347 1645 518 1698 Huiusmodi
540 1646 565 1696 si
584 1645 700 1710 quidem
720 1644 928 1696 commissionis
944 1645 1044 1709 vigore
1067 1658 1153 1698 causa
1171 1643 1333 1696 huiusmodi
1357 1658 1409 1710 per
1438 1675 1442 1681 -

186 1745 237 1782 nos
260 1730 355 1781 debite
377 1731 524 1793 resumpta
546 1741 579 1780 ao
601 1727 719 1791 modali
739 1727 872 1779 ulteriori
889 1727 1054 1779 continuato
1070 1740 1204 1792 processu
1222 1741 1274 1779 noa
1291 1729 1407 1779 addicti

187 1813 319 1879 magistri
330 1812 411 1865 Olavi
421 1811 533 1872 iacobi,
545 1811 724 1876 instigatoris
735 1824 785 1863 seu
797 1810 969 1876 promotoris
981 1810 1077 1873 officii,
1090 1811 1255 1863 instantiam
1267 1811 1410 1875 prefatum

186 1897 306 1947 tratrem
318 1894 463 1947 Matheum
476 1894 512 1947 ad
523 1894 749 1946 concludendum
762 1894 792 1946 et
800 1892 931 1945 concludi
943 1892 1095 1945 videndum
1106 1905 1216 1946 necnon
1229 1893 1410 1956 audiendum,

185 1978 366 2030 diffinitivam
388 1979 418 2028 in
438 1977 492 2028 hac
510 1990 595 2028 causa
611 1977 682 2028 terri
700 1978 729 2027 et
740 1975 917 2042 promulgari
937 1976 1117 2037 sententiam,
1140 1989 1193 2041 per
1214 1976 1324 2027 certum
1341 1975 1411 2028 dicti

148 2116 151 2123 ¹
184 2062 292 2112 domini
310 2061 400 2111 nostri
423 2073 495 2124 pape
511 2073 656 2111 cursorem
677 2060 759 2113 citari
780 2058 974 2110 mandavimus
997 2059 1027 2109 et
1043 2058 1162 2110 lecimus
1180 2058 1215 2109 ad
1236 2059 1345 2110 certum
1362 2071 1409 2123 pe·

187 2144 376 2207 remptorium
385 2144 538 2194 terminum
547 2143 766 2206 competentem,
777 2142 911 2194 videlicet
919 2142 954 2192 ad
964 2141 1040 2192 diem
1052 2142 1082 2193 et
1093 2140 1192 2192 horam
1203 2141 1409 2206 innueriptas.

186 2241 259 2290 quos
280 2226 335 2290 ipsi
358 2226 494 2292 magistro
513 2224 612 2288 Olavo,
631 2225 794 2291 instigatori
811 2238 862 2276 seu
884 2224 1042 2289 promotori
1065 2223 1162 2286 officii,
1186 2224 1352 2288 prefiximus
1375 2224 1411 2276 ad

187 2310 264 2362 idem
282 2309 453 2361 iaciendum.

221 2392 329 2452 Quibus
340 2391 455 2456 quidem
467 2391 514 2442 die
531 2393 561 2443 et
577 2389 649 2443 hore
660 2389 884 2452 advenientibus,
896 2391 1126 2455 comparentibus
1145 2390 1175 2442 in
1194 2389 1301 2443 iudicio
1316 2404 1412 2443 coram

188 2476 270 2526 nobis
290 2475 428 2540 magistro
450 2473 538 2527 Olavo
562 2473 674 2535 Jacobi,
700 2474 863 2538 promotore
886 2485 935 2525 seu
956 2474 1130 2540 instigatore
1155 2474 1251 2536 offleii,
1272 2477 1303 2528 et
1323 2475 1413 2526 matre

188 2557 332 2618 Mattheo,
347 2555 511 2621 principali,
524 2555 657 2608 hincinde
669 2555 813 2620 predictis,
826 2556 904 2607 idem
912 2555 1051 2622 magister
1066 2555 1180 2621 Olavua,
1197 2556 1350 2623 instigator
1362 2568 1412 2608 seu

187 2642 338 2707 promotor
352 2640 450 2704 officii,
470 2639 654 2704 quantumin
675 2653 709 2691 eo
728 2640 792 2701 tuit,
813 2639 843 2689 in
860 2637 914 2690 hac
934 2653 1019 2691 causa
1041 2638 1180 2691 conclusit
1204 2641 1242 2704 et,
1266 2653 1363 2692 aecum
1382 2639 1412 2689 in

186 2723 287 2776 eadem
299 2722 392 2787 primo
401 2721 531 2774 concludi
544 2724 573 2775 et
582 2722 685 2774 deinde
694 2721 874 2774 diffinitivam
885 2722 1055 2775 sententiam
1072 2724 1173 2774 contra
1183 2722 1276 2788 ipsum
1293 2723 1413 2774 tratrem

187 2805 343 2866 Matheum,
367 2818 403 2856 ex
425 2805 544 2856 adverso
569 2804 768 2870 principalem,
795 2805 956 2869 presentem
977 2805 1006 2856 et
1033 2804 1206 2868 audientem,
1232 2804 1313 2856 iuxta
1336 2803 1412 2856 dicte

186 2888 334 2953 petitionis
353 2889 475 2938 formam
495 2889 580 2951 atque
601 2888 729 2938 tenorem
745 2872 779 2938 in
806 2888 919 2951 scriptis
936 2886 1007 2938 terri
1030 2888 1059 2938 et
1078 2886 1257 2952 promulgari
1276 2900 1328 2952 per
1350 2901 1411 2950 nos,

187 2970 285 3022 debita
304 2983 368 3026 cum
388 2969 524 3021 instantia
539 2970 702 3035 postulavit.

221 3053 281 3104 Nos
304 3054 372 3103 tunc
387 3051 557 3112 anthonius,
579 3050 743 3114 cardinalis,
763 3052 850 3114 iudex
870 3053 899 3103 et
915 3052 1125 3104 commissarius
1143 3051 1280 3117 prefatus,
1302 3067 1365 3103 cum
1378 3067 1414 3106 ex

189 3135 284 3187 officio
297 3135 378 3186 nobis
394 3135 424 3186 in
441 3133 494 3186 hac
511 3137 593 3200 parte
613 3135 762 3186 commisso
783 3148 839 3185 non
851 3135 944 3186 solum
961 3148 1083 3201 arguere
1100 3136 1130 3186 et
1140 3134 1299 3200 increpare,
1317 3150 1415 3188 verum
1511 3139 1514 3147 “

189 3218 276 3270 etiam
296 3217 389 3282 ligare
417 3219 447 3269 et
471 3218 680 3282 condempnare
702 3219 860 3278 teneamur,
887 3218 1015 3280 quamvis
1042 3218 1137 3282 potius
1166 3218 1196 3268 in
1218 3218 1322 3269 ardore
1342 3219 1415 3270 bone

189 3300 333 3364 opinionis
344 3299 412 3351 dicti
425 3300 523 3351 fratris
535 3298 653 3362 Mathai,
666 3313 750 3363 quam
769 3301 858 3363 ipsius
877 3299 1036 3364 pertinacia
1052 3301 1212 3352 execranda
1230 3299 1415 3365 delectemur,

188 3383 318 3434 fraterna
336 3383 541 3446 caritativeque
561 3382 766 3433 monitionibus
787 3383 911 3434 eundem
939 3396 995 3433 non
1015 3383 1078 3434 sine
1107 3383 1200 3434 cordis
1226 3383 1415 3435 amaritudine
1439 3366 1447 3388 '

188 3464 312 3516 solerter
333 3467 527 3516 ammonentes
547 3466 579 3515 ut
598 3465 771 3516 correctioni
789 3465 885 3516 sancte
906 3465 1005 3516 matris
1026 3463 1146 3516 ecclesie
1170 3480 1203 3517 ao
1220 3467 1309 3517 nostri
1329 3466 1434 3527 cordes

189 3560 262 3612 puro
276 3545 424 3599 humiliter
435 3548 559 3611 pareret,
578 3560 615 3599 ne
632 3548 776 3611 tamquam
787 3547 946 3598 membrum
963 3546 1110 3612 putridum
1122 3547 1157 3599 ab
1169 3548 1278 3599 unitate
1295 3549 1416 3600 ecclesio

190 3628 411 3693 dampnabiliter
430 3629 600 3690 deiceretur,
619 3631 704 3694 prout
721 3629 794 3681 tanti
814 3628 930 3680 sceleris
951 3630 1077 3695 gravitas
1097 3631 1227 3695 requirit,
1246 3629 1337 3681 dictus
1350 3634 1417 3682 tuno

189 3713 281 3762 trater
303 3711 434 3762 Matbeus
458 3712 626 3764 admodum
645 3713 782 3776 aspidum·
792 3714 943 3764 surdarum
966 3726 1050 3764 aures
1070 3728 1136 3765 suas
1158 3715 1361 3778 obturantium,
1380 3729 1416 3766 ne

189 3806 289 3845 vocem
307 3795 424 3845 audiant
440 3781 711 3857 incantantis,'iame
730 3808 781 3847 sue
800 3795 949 3860 prodigus,
962 3796 998 3846 ad
1017 3796 1215 3860 irreparabilis
1232 3796 1417 3849 desolationis

191 3876 378 3941 obprobrium
389 3877 483 3929 animo
495 3877 665 3929 irreverenti
675 3878 818 3930 inlreoato
831 3879 969 3928 deductus
979 3878 1130 3942 prudentie
1139 3892 1190 3931 aue
1200 3881 1299 3932 contra
1307 3881 1418 3945 sapien·

189 3960 250 4010 tum
268 3958 414 4025 eulogium
427 3960 563 4023 innitens,
582 3973 667 4024 quam
679 3963 842 4013 sanctorum
859 3962 974 4024 patrum
986 3960 1124 4012 doctrinis
1134 3963 1348 4026 perponderare
1361 3978 1417 4016 non
1473 3970 1476 3976 ’

189 4042 353 4104 verebatur,
366 4040 491 4094 heresim
503 4043 532 4093 et
544 4056 659 4095 errores
670 4057 737 4094 suos
749 4042 924 4107 pertinacius
935 4041 1108 4096 delensando
1122 4058 1129 4093 :
1148 4044 1230 4097 Unde
1242 4059 1294 4097 nos
1306 4046 1419 4098 oculata

188 4125 245 4175 tide
262 4124 444 4175 obstinatiam
460 4123 550 4187 ipsius
571 4125 669 4176 fratris
689 4124 807 4188 Mathai,
819 4125 849 4175 in
866 4125 1036 4189 reprobrum
1056 4139 1170 4178 sensum
1182 4128 1271 4190 ducti,
1289 4129 1418 4181 conside·

187 4208 298 4269 rantes,
323 4206 504 4259 severitatem
531 4207 603 4259 iuris
628 4208 731 4260 merito
748 4207 953 4273 amplexantes,
974 4207 1015 4269 ut,
1038 4222 1108 4271 quos
1129 4209 1217 4261 timor
1235 4211 1323 4263 Deis
1344 4209 1419 4263 malo

190 4303 247 4341 non
265 4290 390 4352 revocat,
410 4289 575 4355 temporalis
596 4290 698 4342 saltem
718 4304 793 4355 pena
812 4289 965 4343 coherceat
989 4305 1007 4343 a
1031 4294 1157 4355 peccato,
1181 4307 1239 4345 una
1259 4307 1323 4345 cum
1344 4291 1419 4345 dicto

190 4374 330 4439 magistro
351 4372 449 4436 Olavo,
479 4375 650 4441 instigatore
675 4389 727 4427 seu
754 4377 918 4440 promotore
947 4375 1044 4434 officii,
1064 4373 1252 4427 concludente
1274 4377 1304 4427 et
1323 4389 1420 4427 secum

191 4455 325 4508 concludi
343 4458 469 4522 petente,
490 4458 520 4509 in
537 4457 591 4509 hac
608 4471 694 4510 causa
711 4459 804 4522 primo
821 4457 1011 4510 conclusimus
1028 4460 1057 4510 et
1073 4458 1186 4520 deinde,
1204 4459 1272 4509 visis
1288 4459 1421 4523 primitus

161 4609 166 4620 ,
195 4552 249 4606 per
272 4553 323 4592 nos
343 4540 375 4594 ct
394 4539 551 4609 diligenter
569 4540 705 4607 inspectis
723 4541 857 4595 omnibns
877 4543 907 4595 et
929 4539 1051 4608 singulis
1067 4541 1148 4606 actis,
1166 4540 1304 4607 actitatis,
1317 4541 1420 4605 literis,
