3188 5340
184 442 217 496 54
704 442 808 497 ANNO
834 443 898 495 lun

182 610 315 671 secundo,
328 610 402 675 apud
414 608 530 674 Ypram,
543 609 573 661 in
588 611 672 661 domo
685 609 765 661 Petri
776 610 813 662 ds
831 608 954 672 celario,
974 611 1127 677 burgensis
1147 612 1297 679 Yprensis,
1310 614 1341 666 in
1359 614 1418 667 mei

182 692 357 758 inlrasoripti
375 692 477 744 notarii
493 692 523 743 et
539 691 627 743 trium
643 692 867 758 subscriptorum
883 692 918 745 ad
939 693 993 744 hoc
1015 694 1181 758 specialiter
1197 699 1364 749 vocatorum
1388 698 1418 749 et
1446 718 1448 723 v

182 777 348 843 rogatorum
367 775 536 841 praesentia.
549 774 738 840 personaliter
748 775 919 827 constitutus
930 777 975 827 vir
992 776 1099 828 nobilis
1121 778 1253 831 dominus
1266 778 1417 832 Renaldus

180 857 373 911 vicedominus
397 858 549 922 Plnquonii
577 858 633 909 duo
660 858 742 923 paria
762 858 924 911 litterarum
951 857 1121 911 excellentis
1141 861 1282 927 principis
1306 861 1415 913 domini

183 936 322 1003 Philippi,
335 937 386 989 Dei
404 939 498 1003 gratia
508 939 586 1004 regis
598 938 772 993 Francorum
785 941 983 1002 illustrissimi,
1004 942 1095 1006 ipsius
1107 942 1215 994 domini
1228 943 1307 1009 regis
1319 942 1415 1009 sigillo

183 1021 212 1071 et
229 1018 424 1086 oontrssigillo
445 1019 635 1086 sigillatarum
656 1027 686 1074 ct
713 1025 849 1088 quasdam
872 1022 944 1075 alias
963 1023 1074 1075 litteras
1093 1024 1147 1075 viri
1166 1024 1296 1090 religiosi
1314 1026 1412 1079 iratris

183 1100 340 1169 Glulielmi]
351 1102 387 1154 de
405 1103 542 1165 Parisius,
560 1105 668 1156 ordinis
685 1107 922 1170 praedicatorum,
944 1104 1084 1171 capellani
1103 1106 1211 1157 domini
1228 1120 1330 1173 papae,
1350 1121 1413 1158 oon·

183 1185 300 1236 lasseris
308 1185 376 1236 dicti
388 1185 495 1236 domini
504 1188 582 1253 regis
592 1201 625 1238 ac
636 1188 814 1252 inquisitoris
826 1186 972 1254 generalis
988 1188 1152 1241 haereticae
1164 1190 1314 1254 pravitatis
1333 1191 1415 1256 regni

184 1266 322 1320 Francius
342 1268 514 1321 authoritate
537 1270 693 1336 apostolica
714 1273 850 1337 deputati,
880 1275 910 1323 et
933 1272 1076 1336 quandam
1103 1273 1337 1325 informationem
1360 1287 1411 1325 seu

184 1350 391 1402 ordinationem
408 1352 604 1418 contrasigillo
621 1354 690 1405 dicti
707 1354 814 1405 domini
831 1355 909 1420 regis
926 1353 1093 1420 sigillatam.
1113 1368 1171 1405 non
1189 1354 1337 1419 abolitam,
1359 1370 1415 1408 non

185 1431 371 1485 cancellatam
387 1446 439 1486 nec
455 1435 485 1487 in
502 1439 583 1501 parte
600 1438 644 1489 sni
662 1437 757 1502 aliqua
778 1438 908 1489 viciatam
926 1438 1052 1489 ostendit
1069 1441 1099 1490 et
1110 1438 1240 1490 exhibuit
1257 1441 1287 1490 et
1303 1440 1417 1504 petiita

186 1528 231 1566 me
248 1515 429 1581 infrascripto
441 1519 552 1571 notario
564 1520 619 1570 sibi
631 1520 694 1571 lieri
706 1520 758 1570 sub
771 1533 855 1571 manu
868 1516 983 1584 publica
991 1520 1102 1583 copiam
1114 1520 1150 1571 de
1163 1520 1280 1582 eisdem,
1293 1535 1416 1587 quarum

186 1597 347 1652 litterarum
369 1602 397 1652 et
422 1602 631 1653 informationis
651 1616 701 1653 seu
724 1601 912 1653 ordinationis
936 1604 1050 1654 tonores
1075 1601 1196 1654 inlerius
1218 1603 1414 1668 continentur,
1467 1647 1469 1657 Α

187 1684 272 1747 prout
282 1696 336 1749 ego
349 1684 477 1736 notarius
488 1697 572 1750 saepe
584 1685 676 1736 dictus
689 1684 813 1737 fideliter
822 1684 868 1736 hio
877 1685 1070 1750 transscripsi.

220 1763 315 1816 Tenor
325 1779 392 1818 vero
404 1767 514 1831 primae
523 1766 637 1819 litterae
651 1767 715 1818 talis
726 1768 806 1819 erat:

221 1846 380 1913 Philippus,
399 1849 452 1900 Del
470 1851 564 1915 gratia
584 1849 757 1901 Francorum
770 1863 832 1914 rex,
850 1851 981 1901 omnibus
995 1849 1141 1915 praelatis,
1161 1851 1324 1913 baronibus,
1336 1853 1419 1916 justi·

160 1943 165 1951 ·
187 1926 292 1991 ciariis,
300 1930 447 1993 militibus,
461 1932 592 1984 fidelibus
605 1947 638 1984 ao
650 1933 772 1984 subditis
782 1931 958 1998 quibuslibet
970 1933 1054 1999 regni
1066 1933 1155 1984 nostri
1170 1935 1312 1985 eteorum
1323 1933 1421 2000 singu·

192 2010 237 2075 lis,
256 2011 385 2065 salutem.

221 2094 373 2157 Noveritis,
391 2095 467 2160 quod
484 2110 535 2147 nos
555 2111 607 2162 pro
632 2097 727 2148 arduis
751 2097 874 2164 negotiis
900 2095 1038 2147 honorem
1060 2097 1089 2147 et
1100 2097 1205 2148 statum
1222 2098 1305 2163 regni
1325 2098 1417 2149 nostri

187 2178 370 2244 tangentibus
387 2179 495 2231 eisdem
511 2181 648 2245 expositis
666 2193 719 2244 per
737 2195 788 2231 nos
808 2179 926 2231 oraculo
938 2180 1018 2231 vivae
1038 2180 1115 2230 vocis
1133 2178 1252 2230 dilectos
1269 2181 1298 2230 et
1316 2179 1418 2231 fideles

188 2261 299 2311 nostros
317 2261 524 2314 vicedominum
545 2263 709 2328 Pinquonii,
726 2263 754 2315 J.
774 2263 809 2315 de
827 2262 958 2323 varenis,
971 2262 1088 2322 milites,
1102 2263 1131 2313 et
1144 2260 1290 2313 baillivum
1301 2262 1418 2314 Ambia-

189 2356 304 2395 nensem
327 2343 362 2394 ad
385 2346 479 2408 partos
502 2345 591 2409 ipsius
616 2344 748 2396 balliviae
771 2347 801 2395 et
821 2345 883 2408 eius
905 2345 1023 2396 ressorti
1047 2332 1210 2408 specialiter
1229 2343 1419 2404 destinamus,

190 2426 343 2490 eapropter
361 2425 441 2475 vobis
450 2427 640 2490 praecipimus
650 2426 680 2476 et
693 2426 858 2477 mandamus
870 2426 921 2477 sub
941 2426 1018 2476 omni
1031 2437 1133 2489 poena,
1146 2438 1231 2487 quam
1243 2425 1273 2474 in
1290 2427 1423 2489 personis

191 2505 235 2558 vel
253 2505 334 2556 bonis
345 2506 425 2556 vobis
442 2507 589 2570 imponere
600 2519 758 2571 possumus,
777 2506 917 2570 quatenus
938 2507 981 2557 eis
1001 2520 1033 2557 ao
1051 2518 1149 2556 eorum
1171 2505 1291 2556 cuilibet
1311 2519 1425 2557 necnon

192 2587 360 2652 deputandis
383 2589 418 2638 ab
442 2588 483 2638 eis
506 2589 600 2648 iniis,
625 2602 698 2653 quae
718 2589 797 2639 vobis
820 2602 906 2652 super
926 2588 980 2639 hoc
1002 2588 1137 2639 duxerint
1165 2587 1343 2653 injungenda
1371 2603 1426 2654 pro

193 2670 356 2735 praemissis
369 2671 552 2733 exequendis,
565 2672 689 2736 pareatis
701 2671 855 2722 efficaciter
864 2672 893 2720 et
905 2670 1072 2735 intendatis;
1084 2670 1214 2733 scireque
1223 2684 1271 2720 vos
1280 2669 1424 2734 volumus,

191 2751 266 2815 quod
278 2752 406 2816 quisquis
417 2753 447 2802 in
459 2753 622 2817 praemissis
634 2754 676 2804 eis
687 2752 851 2805 inobediens
863 2753 951 2803 luerit
964 2755 1013 2803 aut
1024 2751 1150 2813 rebellis,
1170 2751 1274 2803 nedum
1288 2753 1424 2819 indigna·

102 2860 109 2874 -
191 2834 298 2885 tionem
317 2837 441 2886 nostram
453 2848 484 2886 se
496 2836 655 2886 subiturum
668 2836 788 2896 noverit,
801 2834 851 2886 sed
865 2848 930 2887 eum
948 2834 1160 2901 nobislregisse
1172 2834 1257 2885 fldem
1274 2836 1423 2901 reputabi·

192 2930 264 2978 mus,
277 2918 335 2968 acsi
347 2917 461 2968 nostrae
472 2918 615 2982 majestati
634 2917 799 2968 inobediens
815 2917 979 2968 exstitisset.

226 3000 330 3051 Datum
339 2999 516 3060 Pontisarae,
527 3000 574 3052 die
586 3014 622 3050 xx
635 2999 819 3064 Septembris,
833 3013 906 3051 anno
920 2999 957 3050 M.
973 2999 1047 3053 000.
1062 2997 1126 3051 VII.

227 3081 322 3133 Tenor
333 3094 400 3132 vero
410 3081 550 3133 secundae
563 3081 677 3133 litterae
690 3081 758 3133 talis
770 3084 851 3133 erat:

228 3162 387 3230 Philippus,
410 3164 463 3215 Dei
483 3165 577 3230 gratia
600 3165 774 3216 Francorum
799 3178 860 3225 rex,
881 3162 992 3216 dilectis
1014 3167 1043 3216 et
1060 3163 1191 3216 fidelibus
1209 3163 1348 3216 militibus
1366 3165 1431 3216 suis

193 3247 368 3298 vicedomino
381 3246 509 3297 Pinoonii
521 3248 550 3298 et
559 3246 662 3297 loanni
682 3248 718 3298 de
731 3247 849 3304 Varenis
863 3261 896 3299 ac
918 3247 1022 3299 ballivo
1045 3247 1239 3308 Ambianensi,
1257 3246 1380 3298 salutem
1398 3249 1431 3298 et

198 3327 389 3381 dilectionem.
687 3329 688 3333 ’
744 3351 745 3354 “

227 3411 286 3463 Res
306 3424 412 3474 amara,
430 3425 476 3463 res
494 3411 606 3472 debilis.
626 3427 673 3464 res
691 3413 808 3477 quidem
827 3413 954 3478 cogitatu
977 3412 1134 3473 horribilis,
1159 3411 1256 3463 auditu
1273 3409 1428 3471 terribilis,

195 3492 371 3544 detestabilia
395 3495 525 3555 crimine,
554 3493 723 3546 execrabilis
753 3494 873 3558 scelere,
904 3494 1103 3547 abominabilis
1133 3506 1229 3559 opere,
1255 3492 1430 3544 detestanda

197 3576 316 3641 flagitio,
330 3589 376 3627 res
395 3577 508 3641 penitus
526 3576 688 3638 inhumana,
709 3579 794 3628 immo
813 3579 847 3629 ab
869 3579 945 3628 omni
970 3577 1146 3629 humanitate
1163 3575 1295 3640 seposita,
1317 3573 1430 3626 dudum

197 3657 252 3709 fide
263 3658 351 3723 digna
370 3657 508 3710 relatione
528 3657 691 3718 multorum,
710 3674 766 3710 non
784 3660 891 3724 absque
903 3660 999 3724 gravis
1021 3659 1145 3723 stuporis
1158 3655 1280 3720 impulsu
1300 3654 1429 3708 etvehe·

195 3741 299 3792 mentis
310 3740 439 3792 horroris
456 3741 571 3793 fremitu
585 3742 700 3792 auribus
719 3742 824 3791 nostris
836 3743 972 3802 insonuit,
986 3743 1067 3806 cujns
1085 3741 1226 3806 gravitate
1243 3740 1371 3802 pensata,
1391 3752 1428 3790 eo

195 3824 285 3875 crevit
296 3824 326 3876 in
338 3823 419 3874 nobis
430 3823 561 3875 acerbius
573 3822 680 3874 doloris
693 3822 879 3885 immensitas,
893 3839 948 3888 quo
959 3824 1060 3875 talium
1069 3825 1098 3874 et
1109 3824 1254 3874 tantorum
1265 3822 1429 3873 immanita·

197 3907 255 3958 tem
279 3905 418 3959 scelerum
444 3906 474 3957 in
496 3906 609 3958 (1111111
636 3907 793 3971 majestatis
822 3907 967 3966 offensam,
994 3905 1168 3956 orthodoxae
1188 3904 1255 3955 fidei
1284 3905 1313 3955 et
1336 3903 1429 3955 totius

197 3988 413 4041 christianitatis
424 3988 613 4053 dispendium,
625 3987 810 4039 humanitatis
829 3990 1021 4053 opprobrium,
1044 3986 1166 4051 exempli
1186 3985 1253 4037 mali
1265 3985 1425 4050 perniciem

198 4072 227 4123 et
238 4070 374 4138 generale
382 4069 545 4123 scandalum
558 4085 614 4122 non
627 4074 670 4122 est
681 4071 798 4122 dubium
817 4071 978 4122 redundare
991 4086 998 4132 3
1017 4069 1165 4122 rationalis
1183 4069 1296 4133 quidem
1310 4069 1430 4132 spiritus

199 4153 326 4206 exulanti
338 4156 420 4205 extra
432 4154 568 4205 terminos
581 4154 698 4205 naturae
710 4154 882 4218 compatitur
895 4154 924 4205 et
942 4152 1139 4217 compatiendo
1153 4152 1292 4209 turbatur,
1306 4149 1431 4213 eoquod

199 4235 244 4287 sui
264 4233 353 4287 oblita
372 4235 506 4301 principii
528 4236 661 4300 propriae
674 4235 846 4286 conditionis
860 4235 950 4286 inscia
967 4236 997 4285 et
1013 4246 1081 4284 suae
1096 4232 1244 4297 dignitatis
1255 4232 1366 4296 ignara,
1385 4231 1432 4283 sui

201 4317 322 4383 prodiga
340 4318 369 4368 et
385 4317 415 4369 ln
440 4317 592 4382 reprobum
603 4329 717 4368 sensum
739 4317 816 4378 data,
833 4330 898 4368 oum
915 4317 946 4368 in
969 4315 1077 4367 honore
1099 4317 1175 4366 esset
1197 4326 1252 4365 non
1275 4309 1431 4373 intellexit,

199 4403 362 4465 comparata
370 4401 412 4451 est
422 4399 559 4463 jumentis
576 4398 787 4464 insipientibus,
797 4399 883 4452 immo
894 4400 1021 4464 ipsorum
1034 4398 1227 4463 insipientiam
1234 4396 1433 4460 iumentorum

200 4480 338 4546 stupenda
354 4479 525 4535 bestialitate
534 4480 744 4547 transcendens,
755 4482 790 4533 sd
800 4480 852 4532 illa
863 4482 989 4535 omnium
1001 4479 1141 4533 scelerum
1151 4491 1258 4532 summe
1276 4477 1390 4532 nefaria
1398 4491 1431 4532 se
