3188 5340
315 114 332 164 6
833 111 937 166 ANNO
955 110 1020 163 113⁰

311 279 423 343 prelata
429 278 550 331 ecclesia
556 279 697 332 nostraad
707 293 773 331 usus
782 278 985 331 canonicorum
992 280 1266 344 premonstratensis
1279 284 1388 336 ordinis
1395 285 1540 337 transierit

313 363 342 414 et
354 361 456 426 quade
467 376 552 416 causa
563 376 679 415 assensu
691 362 809 428 capituli
821 362 912 414 nostri
924 365 966 416 eis
975 364 1042 416 data
1052 365 1149 427 tuerit,
1163 367 1306 431 presentis
1317 366 1417 432 scripti
1428 368 1539 419 attesta-

315 446 397 496 cione
409 445 599 497 notificamus.

347 527 417 578 Cum
427 528 456 578 in
464 527 564 579 diebus
574 528 678 579 nostris
687 528 803 592 quidam
813 527 957 579 hereticus
968 527 1160 581 'l'anchelmus
1174 531 1288 582 nominc
1300 532 1329 582 in
1342 532 1473 596 partibus
1483 544 1540 582 nos·

313 609 367 659 tris
378 609 537 660 advenisset
548 612 576 660 et
587 624 728 661 venenoso
738 624 896 662 sermonea
909 610 964 663 ilde
977 613 1006 661 et
1017 625 1035 661 a
1054 614 1241 663 sacramentis
1265 613 1385 664 ecclesie
1407 612 1542 679 plurimos

314 691 473 753 avertisset,
487 690 539 742 hac
552 692 586 743 de
599 705 693 753 causa,
707 693 802 767 utilia
815 692 934 753 heresis,
949 707 1003 756 que
1015 695 1194 757 provinciam
1208 697 1334 747 nostram
1347 698 1541 760 occupaverat,

313 772 441 823 funditus
451 774 678 839 extingueretur,
691 773 811 825 consilio
821 774 916 824 domni
931 773 1090 825 Burchardi
1106 777 1236 842 episcopi
1257 780 1286 828 et
1303 779 1394 829 tocius
1407 776 1506 843 populi
1518 779 1544 828 et

315 869 430 908 assensu
460 855 578 921 capituli
606 857 705 918 nostri,
729 858 863 908 domnum
893 857 1082 917 Norbertum,
1108 859 1201 909 virum
1234 861 1339 910 nostris
1370 859 1546 924 temporibus

314 938 477 1003 spectabilis
494 939 653 1004 religionis,
675 941 809 990 accersiri
834 939 1005 999 curavimus,
1027 940 1111 1003 eique
1130 943 1159 991 et
1178 941 1236 992 suis
1257 943 1395 993 iratribus
1416 940 1547 1007 regulam

287 1064 289 1068 .
316 1023 393 1074 beati
403 1023 554 1088 Augustini
566 1023 744 1074 servantibus
756 1034 892 1086 suamque
906 1022 1120 1074 institucionem
1138 1024 1343 1087 exequentibus
1353 1023 1550 1088 supradictam

316 1104 475 1168 ecclesiam,
486 1118 550 1156 cum
562 1104 679 1171 capellis
689 1106 718 1155 in
729 1106 790 1169 ejus
803 1105 945 1156 cimiterio
956 1105 1081 1155 fundatis
1092 1108 1120 1155 et
1127 1107 1218 1156 tribus
1229 1106 1380 1157 curtilibus
1397 1110 1427 1156 et
1444 1106 1550 1170 jngere

317 1189 394 1240 terre
406 1187 499 1239 eidem
511 1185 651 1236 cimiterio
665 1184 941 1249 adjacentibus,cum
955 1186 1078 1247 quatuor
1091 1185 1252 1250 prebendis,
1265 1199 1318 1250 per
1329 1198 1429 1235 manus
1441 1198 1550 1236 memo·

316 1271 372 1322 rati
385 1268 510 1334 episcopi
521 1266 703 1327 tradidimus,
718 1267 970 1330 circumspectione
983 1264 1085 1331 vigiles
1097 1267 1240 1331 digneque
1251 1267 1461 1330 perpendentes
1473 1267 1553 1330 quod

316 1366 416 1404 eorum
427 1352 624 1416 saginaremur
636 1349 818 1400 oracionibus
830 1350 915 1413 atque
925 1349 1006 1399 bonis
1018 1347 1255 1412 spiritualibus,si
1265 1362 1314 1400 eos
1323 1350 1553 1400 sustentaremus

320 1433 466 1486 beneflciis
474 1431 687 1497 temporalibus.

351 1516 410 1568 Nos
429 1529 497 1567 vero
509 1514 588 1579 prius
603 1527 722 1564 numero
741 1513 889 1564 duodecim
910 1524 1058 1564 numerum
1071 1514 1198 1564 nostrum
1210 1514 1239 1564 in
1252 1517 1315 1565 octo
1333 1511 1553 1564 terminavimus

318 1598 471 1664 prebendis
487 1600 516 1648 et
533 1610 598 1648 cum
615 1595 660 1646 his
680 1598 709 1647 et
727 1597 907 1661 prepositure
928 1597 1032 1645 nostre
1050 1596 1216 1660 integritate
1243 1595 1277 1647 ad
1295 1595 1446 1647 ecclesiam
1465 1594 1552 1644 beate

319 1680 411 1733 Maria
421 1681 450 1731 in
460 1681 561 1731 eadem
573 1678 641 1730 villa
654 1678 850 1730 transtulimus
864 1694 871 1742 ;
885 1682 996 1729 ceteras
1008 1691 1077 1728 vero
1090 1679 1213 1741 quatuor
1224 1679 1383 1742 prebendas
1392 1688 1445 1742 per
1453 1676 1553 1726 omnia

320 1765 361 1817 eis
373 1762 560 1814 consimiliter
576 1762 780 1827 participantes
797 1761 913 1825 proprio
933 1761 1028 1810 nostro
1048 1760 1167 1811 arbitrio
1185 1761 1324 1822 dedimus,
1337 1762 1456 1824 excepto
1474 1757 1552 1821 quod

319 1845 464 1898 allodiaet
475 1845 625 1908 mancipia,
636 1856 791 1908 quousque
803 1842 840 1893 ad
851 1842 903 1894 hec
916 1845 1045 1907 tempora
1053 1840 1174 1893 ecclesia
1186 1841 1237 1893 illa
1254 1843 1429 1906 possederat,
1449 1840 1479 1891 in
1491 1854 1553 1891 nos·

320 1926 380 1976 tros
397 1924 582 1989 singulariter
601 1936 668 1973 usus
685 1922 909 1988 segregavimus.
928 1921 1105 1985 Baptismum
1123 1933 1191 1971 vero
1209 1919 1389 1973 celeberrimi
1401 1921 1551 1985 temporis,

319 2006 454 2059 videlicet
473 2002 582 2056 Pascha
600 2006 630 2054 et
642 2003 836 2063 Pentecostes,
850 2002 879 2052 in
892 2001 943 2052 illa
961 2000 1082 2052 ecclesia
1095 2001 1306 2065 observabitur3
1324 2001 1436 2065 reliquo
1455 2003 1551 2051 autem

320 2087 448 2150 tempore
465 2080 654 2149 parochianus
674 2083 771 2131 noster
788 2079 961 2144 baptizandis
981 2078 1156 2144 providebit3
1177 2079 1305 2129 infirmos
1322 2083 1418 2134 autem
1430 2083 1549 2133 visitare

321 2169 351 2219 et
376 2166 584 2220 communicare
614 2161 736 2227 oleoque
758 2163 909 2227 inungere,
932 2161 1124 2211 confessiones
1145 2161 1253 2220 audire,
1277 2164 1403 2212 mortuos
1426 2161 1552 2226 sepelire

322 2247 453 2299 omnibus
465 2245 518 2296 hec
539 2245 575 2295 ab
593 2245 635 2296 eis
653 2245 837 2309 querentibus
855 2242 945 2295 libere
963 2243 1151 2294 concedimus.
1169 2242 1208 2293 Ut
1225 2244 1320 2294 autem
1341 2246 1398 2294 tam
1419 2242 1551 2309 preclare

322 2327 521 2381 beneficientie
530 2327 611 2379 ledus
624 2327 794 2377 inviolatum
804 2327 879 2377 inter
891 2339 941 2375 nos
953 2328 983 2376 et
998 2325 1073 2390 ipsos
1086 2337 1199 2388 semper
1215 2328 1390 2389 permaneat,
1403 2324 1457 2376 hoc
1477 2326 1550 2376 diffl-

323 2412 414 2463 nitum
432 2411 484 2472 est,
506 2410 538 2461 ut
559 2408 758 2473 quodcumque
780 2422 882 2459 munus
903 2408 1032 2458 inilrmus
1051 2408 1081 2458 et
1104 2407 1228 2458 moriens
1237 2405 1426 2471 parochianus
1444 2408 1505 2458 sive
1523 2407 1552 2458 in

323 2495 402 2545 terra
419 2493 478 2544 sive
495 2493 525 2542 in
538 2491 595 2543 alia
617 2492 776 2542 substantia
796 2491 885 2541 cuivis
908 2488 1028 2541 ecclesie
1054 2486 1206 2552 aliquando
1224 2489 1361 2554 optulerit
1380 2490 1430 2539 aut
1452 2501 1504 2553 pro
1522 2500 1553 2539 se

325 2575 422 2628 offerri
433 2575 598 2636 instituerit,
608 2588 661 2640 per
669 2574 794 2625 medium
802 2573 953 2625 dividatur.
965 2571 1045 2632 Quod
1055 2585 1122 2623 vero
1135 2571 1245 2623 alienus
1268 2585 1353 2623 sanus
1364 2570 1409 2623 vel
1422 2571 1552 2622 infirmus

325 2660 375 2710 aut
396 2656 601 2724 parrochianus
620 2656 770 2707 incolumis
794 2656 913 2715 dederit,
933 2655 1062 2716 ecclesia,
1082 2655 1127 2705 cui
1144 2653 1199 2705 hoc
1218 2654 1314 2705 datum
1327 2654 1424 2716 luerit,
1446 2655 1554 2718 absque

325 2740 483 2808 particione
494 2739 646 2804 possideat.
663 2738 727 2802 Ipse
749 2751 816 2789 vero
833 2737 962 2798 ecclesie,
981 2735 1091 2787 seclusa
1108 2736 1137 2786 iu
1156 2737 1276 2786 invicem
1300 2735 1377 2785 omni
1389 2735 1551 2796 exactione,

321 2829 406 2892 juges
415 2822 470 2873 sibi
493 2821 636 2872 debebunt
657 2822 784 2873 fraterne
805 2820 937 2871 karitatis
957 2819 1109 2879 orationes,
1129 2818 1158 2868 in
1183 2818 1313 2869 omnibus
1334 2817 1554 2868 necessitatibus

326 2918 389 2958 sese
400 2904 609 2969 supportantes.
620 2902 677 2953 Pro
690 2902 962 2953 commemoracione
980 2913 1046 2951 vcro
1059 2913 1109 2951 sue
1127 2900 1268 2952 libertatis
1291 2902 1412 2964 utraque
1430 2900 1555 2951 exclesia

326 2986 469 3054 persolvet
495 2986 691 3039 cameracensi
714 2984 821 3049 presuli
842 2997 960 3035 aureum
978 2997 1123 3034 nummum
1146 2984 1359 3048 Autwerpensis
1386 2984 1501 3034 monete
1525 2985 1555 3033 et

326 3070 461 3136 ponderis
472 3067 593 3136 singulis
602 3069 684 3119 anuis
695 3068 723 3118 in
733 3068 807 3118 festo
816 3067 906 3117 sancti
916 3067 1001 3118 Luce.

361 3152 400 3204 Ut
412 3152 505 3204 autem
518 3150 571 3202 hec
588 3154 651 3201 rata
668 3150 697 3200 et
716 3147 880 3200 inconvulsa
897 3149 1091 3213 permaneant,
1110 3147 1200 3213 sigilli
1218 3147 1309 3198 nostri
1321 3147 1509 3212 impressione
1527 3147 1557 3197 et

328 3234 443 3286 testium
455 3233 667 3298 subscripcione
684 3231 733 3295 qui
745 3232 937 3282 interfuerunt
947 3232 976 3281 et
988 3229 1041 3281 hoc
1059 3231 1164 3280 donum
1176 3230 1325 3290 dederunt,
1332 3230 1464 3280 annotari
1477 3243 1556 3280 cura·

327 3317 430 3368 vimus.
448 3314 513 3382 Ego
531 3313 663 3366 Hidolius
680 3314 840 3378 prepositus
859 3328 881 3363 s.
902 3312 1007 3376 Marie;
1027 3312 1178 3364 Anselmus
1197 3311 1364 3376 canonicus3
1377 3310 1556 3363 Giselbertus

330 3400 455 3463 Porcus3
465 3396 635 3451 Raduardus
647 3397 815 3458 canonicus;
830 3394 1007 3446 Hildcwinus
1019 3393 1234 3460 parrochianus.

361 3481 463 3534 Actum
474 3483 569 3534 autem
581 3482 624 3532 est
634 3477 689 3530 hoc
701 3492 775 3530 anno
789 3477 876 3529 Verbi
888 3478 1028 3529 incarnati
1042 3477 1079 3528 M.
1095 3476 1125 3529 C.
1138 3475 1264 3528 XXIIII.
1277 3476 1335 3528 ind.
1350 3476 1378 3527 II
1391 3478 1485 3541 epact.
1498 3474 1554 3528 111.

590 3594 635 3658 (P.
649 3592 781 3659 Genard),
800 3589 994 3659 Verzcmelinp
1011 3589 1062 3643 der
1081 3589 1165 3657 Gros·
1177 3606 1213 3642 en
1232 3588 1558 3657 Gedenkscbrittennon

624 3674 659 3727 de
671 3676 815 3743 provincie
828 3674 1005 3742 Anlwerpen,
1019 3673 1081 3726 decl
1094 3673 1143 3736 tv,
1155 3673 1207 3724 bia.
1221 3672 1326 3725 xxvi.

865 3848 890 3913 a
914 3841 1008 3934 (29).

378 4047 469 4122 1139,
488 4039 591 4128 April
605 4047 638 4120 3,
657 4040 844 4106 Laterano.
865 4036 1045 4105 Uittreksel
1072 4034 1122 4102 uit
1149 4034 1189 4101 de
1218 4031 1378 4104 Oenones
1402 4056 1466 4102 van
1499 4035 1563 4105 het

332 4145 461 4215 twaede
478 4144 646 4231 algemeen
663 4142 805 4213 concilis
820 4161 885 4208 van
897 4143 1071 4222 Lateraan,
1090 4140 1170 4208 door
1180 4161 1261 4227 paus
1285 4141 1499 4208 Innocentius
1528 4143 1563 4209 11
