3256 5324
690 111 794 163 ANNO
813 109 877 161 1418
1343 112 1392 164 223

139 274 268 327 fouisse
291 274 421 336 consilia,
446 273 496 339 qui
516 275 572 326 fuit
591 276 685 327 tamen
707 288 764 341 sue,
778 275 851 341 legis
868 275 1092 341 perfectissimus
1112 277 1287 331 obseruator.
1305 278 1391 331 Patet

137 360 279 420 insuper
289 355 326 408 de
337 355 474 421 apostolis
486 358 516 408 et
528 355 676 422 discipulis
688 359 717 408 et
739 356 903 408 christianis
921 358 950 407 in
970 358 1117 423 primitiua
1127 358 1258 423 ecclesia,
1271 376 1390 426 quorum

137 435 243 492 multi
261 440 344 490 erant
356 439 479 502 uxorati,
498 437 582 489 multi
599 439 794 504 possessiones
811 438 982 502 habuerunt,
1001 441 1114 505 quidam
1126 442 1156 494 in
1168 445 1319 507 communi,
1330 445 1389 508 qui-

135 525 222 576 dam
234 519 268 571 111
284 520 412 586 proprio,
426 520 509 572 multi
526 521 741 573 subiciebantur
759 521 827 572 solis
839 521 959 586 prelatis
979 524 1047 593 suis,
1069 525 1209 591 episcopis
1225 528 1255 578 et
1272 527 1388 579 curatis.

134 603 277 658 Constat
297 603 404 667 itaque,
422 603 498 668 quod
516 606 672 656 nouerant
695 605 730 656 de
751 604 940 670 religionibus
958 605 1059 657 Basilii
1080 606 1124 658 vel
1141 610 1303 674 Augustini,
1322 611 1389 673 quia

10 677 31 724 ¹¹
130 685 286 742 nondum
306 687 421 739 fuerant
440 686 570 738 institute
590 686 635 738 vel
658 701 710 752 pcr
729 687 881 739 ecelesiam
898 688 1062 752 approbate,
1082 703 1133 741 nec
1154 690 1258 742 talibus
1280 691 1389 758 regulis

10 768 40 822 δί
128 767 364 824 subdebantur.

13 856 43 935 t,
178 849 357 915 Propositio
380 853 491 915 quarta.
513 850 630 918 Religio
657 852 814 903 christiana
835 866 891 903 non
912 851 1033 912 requirit
1058 853 1093 903 ad
1114 854 1318 917 perfectionem
1341 857 1385 906 sui

10 958 43 1017 Q
120 934 390 991 obseruationem
407 937 466 986 tam
487 935 517 985 in
536 936 679 1000 preceptis
692 948 776 999 quarn
796 936 826 986 in
850 933 987 997 consiliJs,
1009 932 1083 996 quod
1104 934 1311 998 superaddatur
1330 931 1388 986 alia

114 1013 264 1081 religio
273 1015 373 1082 quales
385 1016 519 1069 dicuntur
531 1016 745 1069 obseruationes
759 1017 888 1068 institute
899 1029 951 1081 per
962 1017 1073 1066 sanctos
1086 1014 1224 1067 Basilium
1236 1019 1266 1068 et
1275 1017 1386 1083 Augus·

39 1104 42 1112 '
110 1106 260 1161 tinum,
272 1100 329 1150 ete.
342 1099 372 1151 et
382 1097 481 1163 quales
499 1097 650 1150 anselmus
667 1101 749 1150 vocat
766 1098 922 1165 religiones
941 1097 1079 1159 facticios,
1092 1099 1171 1162 patet
1187 1111 1223 1150 ex
1233 1099 1386 1162 preceden-

105 1180 242 1241 tibus.

182 1258 356 1326 Propositic
367 1260 475 1325 quinta.
489 1260 658 1327 Religiones
670 1261 832 1313 huiusmodi
844 1259 958 1313 laeticie
975 1262 1044 1312 satis
1056 1259 1213 1325 improprie
1225 1262 1254 1313 et
1266 1261 1384 1314 abusiuc

91 1349 178 1407 et
201 1343 306 1395 forsan
322 1345 493 1410 arroganter
513 1343 588 1395 dicte
606 1347 672 1396 sunt
684 1345 773 1396 status
785 1344 988 1409 perfeetionis;
1009 1346 1087 1410 patet
1103 1344 1171 1408 quia
1188 1346 1244 1396 stat
1255 1344 1384 1397 homines

84 1426 422 1496 imperfectissimos
434 1424 506 1478 tales
517 1425 672 1493 religiones
692 1427 832 1492 profiteri,
844 1427 917 1480 sicut
934 1428 1013 1478 notat
1029 1426 1215 1493 Augustinus,
1234 1428 1309 1490 quod
1326 1442 1382 1479 non

77 1506 270 1591 peiores
279 1507 389 1572 reperit
397 1520 482 1572 quam
492 1520 541 1558 eos
552 1508 601 1570 qui
610 1508 641 1558 in
649 1507 811 1559 huiusmodi
821 1507 1008 1574 religionibus
1020 1510 1194 1562 defecerunt.
1206 1510 1261 1562 Sed
1270 1509 1383 1562 aliunde

72 1585 321 1657 declaratur
340 1587 394 1641 hec
410 1589 510 1641 abusio
522 1589 567 1641 vel
589 1589 736 1655 usurpatio
755 1590 886 1651 nominis,
900 1592 967 1655 quia
987 1592 1141 1643 secundum
1158 1591 1223 1643 illos
1241 1594 1290 1657 qui
1303 1594 1382 1644 noui·

70 1683 212 1741 aar,
224 1673 291 1736 post
301 1673 415 1731 sanctos
427 1671 558 1724 doctores
569 1673 615 1723 usi
624 1674 689 1723 sunt
701 1671 751 1723 tali
763 1672 899 1724 vocabulo
917 1676 991 1726 statu
1004 1676 1196 1739 perfectiouis.
1219 1674 1273 1728 ille
1293 1677 1383 1727 status

63 1766 211 1828 ¹,cin
223 1753 295 1804 dicit
305 1753 381 1819 apud
400 1753 553 1821 religiosos
575 1755 780 1819 perlectionem
801 1754 927 1807 habitam
942 1756 987 1807 vel
1006 1758 1183 1821 acquisitam,
1196 1758 1270 1809 sicut
1287 1760 1331 1810 est
1348 1759 1383 1810 de

60 1833 430 1909 5ι11611161111616111,
451 1837 501 1888 sed
519 1836 589 1888 dicit
607 1837 801 1888 tantummodo
820 1839 1025 1902 perlectionem
1037 1840 1247 1904 acquirendam.
1267 1840 1383 1893 Constat

58 1917 251 1990 atatem
264 1917 341 1982 quod
353 1918 493 1983 perfectio
506 1918 679 1982 acquirenda
688 1932 744 1969 non
761 1922 804 1970 est
821 1921 877 1972 iarn
895 1923 1043 1984 acquisita.
1056 1922 1093 1973 Et
1103 1923 1167 1974 ideo
1179 1922 1281 1974 melius
1293 1925 1383 1974 nomi-

57 2000 273 2074 naretur
289 2000 335 2052 vie
348 2000 469 2065 quedam
480 1999 525 2052 vel
538 2001 727 2052 instrumenta
738 2015 788 2053 seu
805 2002 1005 2068 dispositiones
1017 2007 1052 2056 ad
1070 2006 1276 2070 perlectionem
1288 2007 1382 2070 acqui-

56 2081 273 2157 t-eudam
285 2096 372 2146 quam
389 2083 533 2135 diceretur
553 2084 642 2135 status
662 2085 862 2151 perfectionis3
881 2087 966 2138 immo
984 2089 1014 2139 et
1025 2087 1098 2138 sicut
1116 2087 1277 2139 huiusmodi
1290 2089 1380 2139 status

58 2171 200 2240 ⁵ic
219 2165 311 2217 dictus
335 2166 437 2233 dirigit
461 2168 491 2218 et
518 2167 599 2218 iuuat
625 2168 762 2231 quosdam
785 2169 820 2219 ad
838 2169 1039 2233 perfectiorem
1056 2170 1284 2222 obseruationem
1313 2184 1380 2223 vere

61 2247 304 2323 religiords
315 2246 481 2311 christiane,
494 2249 535 2300 sic
547 2249 577 2300 61
587 2248 691 2300 multos
702 2249 822 2314 impedit
833 2251 918 2314 atque
929 2252 1091 2317 precipitat,
1104 2266 1175 2316 quos
1186 2253 1274 2303 tutius
1286 2254 1381 2305 fuerat

66 2355 112 2407 i
125 2347 194 2393 ς]
208 2331 299 2384 seculo
321 2333 504 2395 remansisse,
530 2332 598 2395 quia
614 2330 746 2396 displicet
765 2333 824 2384 Deo
843 2333 931 2385 stulta
953 2336 982 2385 et
995 2333 1119 2386 infidelis
1142 2336 1302 2401 promissio,
1325 2349 1379 2399 que

74 2413 264 2487 §cilicet
275 2414 320 2467 vel
334 2415 489 2467 indiscrete
500 2415 623 2466 sumitur
634 2414 678 2465 161
691 2428 748 2466 166
760 2415 937 2467 obseruatur.

198 2497 351 2562 Propositio
368 2498 457 2549 sexta.
476 2496 592 2564 Religio
610 2496 766 2549 christiana
777 2499 932 2562 perfectius
943 2501 1036 2564 potest
1054 2501 1083 2551 et
1099 2499 1184 2552 debet
1195 2502 1343 2553 obseruari
1363 2515 1380 2553 a

82 2591 234 2664 papa,
255 2578 451 2631 cardinalibus
468 2581 496 2632 61
515 2579 645 2645 prelatis,
664 2580 751 2632 etiam
771 2581 794 2630 si
808 2579 885 2632 nullo
904 2583 969 2632 voto
986 2582 1043 2633 sint
1059 2583 1179 2647 astricti,
1197 2583 1273 2635 ultra
1284 2583 1379 2650 legem

92 2661 218 2729 pei,
229 2674 315 2726 quam
327 2661 474 2727 simplices
490 2662 664 2728 religionum
681 2663 859 2716 facticiarum
871 2666 1055 2729 professores.
1076 2664 1160 2717 Patet
1180 2667 1247 2730 quia
1267 2668 1380 2719 suntin

96 2747 226 2808 §tatu
238 2747 428 2811 perfectionis
436 2747 606 2800 exercende.

189 2826 317 2881 Primum
333 2829 527 2882 corollarium.
540 2831 675 2895 Sequitur
684 2830 786 2895 primo,
805 2831 879 2894 quod
891 2833 1018 2896 acceptio
1030 2829 1189 2898 religionis,
1202 2832 1276 2883 sicut
1287 2833 1378 2884 frater

107 2906 284 2966 mouens
311 2913 437 2965 iacobita
453 2912 590 2965 describit
609 2915 638 2965 in
655 2914 780 2966 secunda
796 2914 973 2978 acceptione,
985 2914 1034 2965 ubi
1053 2913 1113 2965 vult
1132 2913 1289 2976 declarare,
1308 2915 1376 2979 quid

107 2994 193 3045 ast
203 2994 323 3061 proprie
333 2996 362 3046 et
374 2994 604 3048 anthonomatioe
615 2996 728 3062 religio,
743 2999 786 3047 est
798 2997 900 3048 nedum
912 2997 1000 3048 stulta
1009 2997 1038 3049 et
1048 2997 1157 3058 insana,
1170 2998 1259 3049 sedet
1270 2996 1376 3049 beriti-

109 3074 220 3126 calis
239 3076 420 3143 blasphema,
432 3078 544 3143 quando
562 3079 632 3130 dicit
651 3080 709 3130 sic:
728 3079 792 3130 Alio
816 3079 910 3145 modo,
923 3079 1024 3143 inquit,
1048 3080 1188 3144 accipitur
1204 3078 1258 3131 hoc
1273 3092 1377 3131 nomen

108 3156 255 3226 religio
273 3161 430 3212 secundnm
448 3161 552 3224 quoda
568 3161 718 3229 religando
736 3162 849 3224 dicitur,
862 3163 947 3227 prout
969 3161 1053 3213 homo
1066 3161 1176 3228 obligat
1187 3162 1263 3214 seed
1276 3175 1311 3214 ea
1322 3176 1377 3226 que

116 3243 299 3301 pertinent
315 3243 508 3296 essentialiter
525 3243 560 3295 ad
578 3245 683 3296 statum
700 3245 896 3309 perfectionis,
908 3248 937 3295 et
949 3243 999 3295 illo
1015 3245 1098 3297 modo
1118 3244 1223 3296 dicitur
1240 3244 1377 3295 antheno-

115 3324 255 3377 mauce
263 3325 376 3378 tantum
388 3326 424 3378 de
442 3325 500 3377 illis
518 3327 567 3391 qui
584 3328 690 3378 suntin
703 3325 799 3390 aliqua
810 3327 845 3377 de
857 3327 1021 3391 approbatis
1033 3326 1142 3392 regulis
1160 3327 1276 3392 proprie
1294 3327 1377 3377 dictis

123 3405 281 3470 professi,
300 3408 459 3461 cuiusmodi
471 3411 537 3460 sunt
548 3409 712 3475 Augustini,
733 3408 843 3473 Basilij,
862 3409 1020 3472 Benedicti,
1042 3409 1197 3472 Francisci,
1218 3411 1271 3461 etc.
1292 3411 1376 3462 Patet

128 3488 336 3543 corollarium
351 3504 387 3543 ex
405 3493 622 3556 precedentibus
635 3490 798 3544 deducendo
814 3493 849 3543 ad
862 3491 915 3542 hoe
926 3492 1138 3556 inconueniens,
1153 3493 1228 3556 quod
1246 3492 1374 3546 Christus

136 3573 179 3621 et
201 3586 277 3639 papa
296 3576 326 3626 et
348 3572 454 3639 prelati
476 3589 533 3626 non
557 3574 783 3627 obseruauerunt
804 3575 847 3625 vel
873 3575 1027 3626 obseruant
1053 3573 1243 3626 essentialiter
1268 3574 1373 3625 statum

143 3656 344 3721 perfectionis,
364 3659 431 3721 quia
448 3659 472 3708 si
484 3673 541 3710 ncn
552 3659 672 3722 professi
685 3660 750 3709 sunt
770 3656 885 3724 regulas
897 3659 1048 3723 predictas,
1068 3659 1153 3709 immo
1167 3672 1219 3709 nec
1236 3658 1374 3709 deberent

148 3736 334 3791 dicidevera
355 3739 497 3807 religione
520 3742 575 3792 uisi
598 3743 752 3807 improprie
775 3744 804 3792 et
821 3741 969 3806 analogice
989 3743 1088 3792 contra
1107 3742 1228 3805 primam
1240 3741 1373 3804 proposi·

157 3821 268 3883 tionem,
279 3835 335 3885 que
343 3822 434 3875 solide
445 3825 563 3876 fundata
583 3825 634 3876 est.
653 3825 713 3876 Nec
730 3826 773 3875 est
782 3823 928 3884 credibile,
941 3824 1016 3886 quod
1034 3825 1209 3889 Augustinus
1221 3825 1250 3874 et
1259 3823 1374 3874 sauctus

162 3902 275 3956 'ihomas
282 3903 336 3956 1166
349 3906 573 3960 somniauerunt.
584 3907 674 3969 Unde,
687 3908 741 3959 etsi
752 3907 861 3971 possint
869 3908 899 3957 in
911 3906 1052 3973 religione
1063 3906 1220 3957 christiana
1231 3904 1373 3971 assignari

171 3986 216 4038 duo
226 3987 296 4040 modi
311 3988 438 4052 videndi,
451 3991 623 4042 secularium
639 3989 771 4041 videlicet
788 3992 817 4040 et
828 3989 954 4052 illorum,
966 3989 1014 4052 qui
1026 3987 1197 4053 profitentur
1215 3987 1372 4052 religiones

173 4068 288 4135 1111116111,
299 4085 372 4136 quos
380 4074 537 4127 communia
547 4087 615 4126 usus
623 4073 773 4139 religiosos
783 4072 916 4137 appellat,
929 4086 986 4123 non
998 4074 1093 4122 tamen
1101 4072 1143 4122 ita
1154 4070 1376 4136 distinguuntur

177 4150 471 4225 bincdqulnmulta,
479 4154 1171 4224 queccnueniunttalibusreligiosis,conueniunt
1179 4155 1209 4206 et
1219 4152 1376 4205 conuenire
