3188 5340
601 484 705 538 ANNO
725 482 788 534 1307
1284 480 1317 531 57

77 650 166 717 hujus
177 651 205 704 ei
217 663 249 703 se
257 651 441 703 commiscere
448 647 527 713 velit,
540 649 667 717 patiatur
679 652 820 716 receptus,
833 651 863 703 et
873 651 948 716 quod
961 651 996 702 ad
1007 648 1061 701 hoc
1070 648 1184 702 tenetur
1194 662 1230 702 ex
1241 647 1315 700 ordi·

76 736 125 786 nis
135 733 216 787 illius
226 735 357 798 mutis,
369 745 460 798 eoque
473 735 624 799 praetextu
643 734 743 786 toedus
755 733 888 786 naturale
903 735 1076 799 rumpentes,
1092 731 1168 797 quod
1179 726 1314 782 animalia

78 818 165 869 bmta
175 818 272 870 tacere
280 817 466 878 detestantur,
473 831 504 869 se
515 817 700 869 commiscent
711 815 948 868 abominabiliter
955 817 1024 868 dicti
1031 818 1144 867 tratres,
1151 814 1214 866 Heu
1223 812 1314 872 nobis,

77 901 104 950 si
115 899 403 965 pnsmissaverrtate
412 900 619 964 nitantur,quis
629 900 710 951 nobis
725 901 831 952 tratres
841 900 959 960 tribuat,
967 901 999 949 ut
1006 899 1078 950 tanti
1087 895 1315 958 sceleris‚tantae

78 983 195 1034 ffimnae
205 981 399 1047 blasphemiae
408 983 553 1034 rideamus
563 982 688 1046 aliquam
700 982 857 1034 ultionem?
868 983 1018 1033 Praelatus
1025 982 1115 1047 igitur
1121 979 1253 1030 dominus
1264 990 1315 1027 rex

79 1067 113 1117 ut
123 1064 386 1126 obsistimus,
399 1066 563 1130 praemissis
574 1065 688 1127 auditis,
707 1065 904 1116 admirationis
917 1067 1033 1130 stupore
1049 1063 1228 1129 perterritus,
1248 1058 1314 1110 fidei

78 1147 185 1199 ardore
194 1159 356 1208 succensus,
368 1159 405 1200 ea
415 1161 471 1199 non
483 1149 599 1214 sprevit,
610 1148 660 1199 sed
668 1148 773 1199 nedum
787 1148 868 1200 nobis
880 1148 994 1211 suisque
1004 1146 1123 1199 secretis
1131 1141 1312 1201 consiliariis,

80 1230 131 1281 sed
152 1229 230 1295 patri
258 1232 355 1281 nustm
384 1231 562 1281 sanctissimo
587 1230 701 1281 domino
727 1243 836 1281 summo
868 1229 1006 1295 pontiflci,
1041 1229 1115 1295 apud
1144 1227 1314 1294 Lugdunum

80 1312 185 1378 primo,
205 1312 237 1363 et
254 1311 379 1363 Pictoris
400 1312 535 1377 secundo,
556 1312 654 1364 audita
673 1311 828 1378 diligenter
847 1312 960 1377 aperuit
981 1314 1009 1363 et
1029 1311 1111 1362 nobis
1137 1307 1315 1375 postmodum

80 1395 219 1448 adhibitis
230 1395 398 1462 diligentius
412 1397 590 1462 perquisivit,
609 1397 762 1462 pluresque
780 1399 867 1448 testes
885 1398 940 1448 tide
957 1397 1039 1462 digni
1056 1395 1132 1448 omni
1149 1393 1315 1457 exceptione
1329 1416 1330 1420 ι

80 1478 206 1543 majores
217 1479 340 1529 maxime
352 1479 382 1529 in
393 1491 478 1530 causa
488 1479 555 1530 fidei
568 1479 676 1544 recepti
686 1481 752 1530 sunt
760 1493 812 1544 per
824 1494 875 1529 uos
884 1477 1070 1543 iudicialiter,
1078 1491 1130 1542 per
1138 1490 1209 1542 quos
1218 1485 1315 1525 omnes

79 1560 270 1627 singulariter
280 1561 372 1626 turpis
385 1563 511 1626 receptio
526 1563 674 1627 praedicta
682 1563 819 1626 probatur
836 1563 866 1613 in
878 1575 977 1613 eorum
989 1562 1118 1626 personis
1130 1560 1205 1611 tacta
1215 1557 1313 1620 tuisse,

79 1658 114 1696 ac
126 1643 280 1696 vehemens
291 1643 436 1695 inducitur
460 1646 654 1709 praesumptio
675 1646 774 1695 contra
794 1658 891 1695 omues
911 1645 946 1695 de
957 1643 1087 1708 pluribus
1098 1642 1226 1708 personis
1239 1641 1315 1704 ejus·

79 1727 148 1777 dem
159 1725 269 1778 ordinis
290 1724 375 1790 hujus
392 1727 570 1792 regni3dicti
581 1728 668 1779 testes
679 1728 833 1791 deponunt,
854 1727 928 1791 quod
947 1727 1112 1791 praesentes
1122 1725 1245 1775 factores
1266 1733 1315 1773 aut

81 1811 273 1863 assentientes
291 1812 409 1862 luerunt
421 1810 632 1875 receptionibus
644 1812 766 1862 fratrum
778 1810 875 1861 taliter
886 1809 1068 1874 attemptatis.

117 1892 280 1959 liapropter
295 1905 348 1958 per
365 1893 459 1958 ipsum
475 1893 621 1944 dominum
635 1905 735 1958 regem
753 1893 916 1944 reverendis
935 1893 1063 1957 patribus
1083 1887 1313 1953 archiepiscopis,

80 1977 233 2043 episcopis,
247 1974 397 2027 abbatibus
409 1978 439 2027 et
450 1974 515 2026 aliis
529 1975 720 2026 eminentibus
732 1976 800 2025 viris
812 1974 1012 2026 ecclesiasticis
1024 1972 1140 2024 adhaec
1153 1969 1316 2036 specialiter
1389 1963 1392 1968 ’
1422 2017 1423 2020 ,

79 2058 275 2125 congregatis,
286 2069 384 2108 eorum
393 2059 452 2109 tam
463 2071 516 2123 per
523 2058 616 2123 ipsum
625 2058 771 2108 dominum
779 2070 877 2123 regem
884 2071 968 2121 quam
978 2071 1028 2108 nos
1037 2055 1174 2121 requisito
1184 2052 1313 2113 consilio,

79 2142 202 2208 provida
214 2141 339 2205 ipsorum
357 2143 386 2192 et
397 2140 531 2192 concordi
552 2140 759 2192 deliberatione
776 2141 937 2200 accedente,
950 2140 1095 2190 dominum
1110 2139 1201 2203 ipsum
1214 2148 1313 2201 regem

79 2225 216 2275 duxinms
235 2236 287 2288 pro
308 2236 394 2274 causa
415 2223 482 2274 fidei
502 2223 716 2288 requirendum,
738 2225 770 2273 ut
791 2225 891 2274 contra
910 2219 1070 2288 singulares
1089 2232 1225 2286 personas
1244 2217 1313 2268 dicti

80 2307 193 2359 ordinis
204 2306 240 2356 de
251 2305 418 2370 praemissis
430 2304 616 2357 vehementer
636 2307 780 2369 suspectas
801 2305 886 2369 hujus
898 2305 979 2370 regni
998 2304 1080 2354 nobis
1092 2303 1160 2354 dare
1175 2304 1312 2361 favorem,

79 2400 166 2454 opem
178 2387 208 2438 et
219 2385 357 2439 auxilium
370 2387 547 2452 dignaretur,
560 2388 592 2438 ut
604 2400 652 2438 eas
662 2386 769 2438 habere
781 2387 924 2438 valeamus
936 2385 1137 2438 examinandas
1149 2397 1234 2447 super
1246 2381 1311 2444 hiis,

79 2472 168 2537 prout
185 2469 275 2531 decet,
289 2483 346 2520 non
358 2468 538 2521 intendentes
551 2469 699 2534 negotium
712 2468 765 2520 hoc
783 2469 882 2520 contra
899 2469 1005 2520 dictum
1023 2467 1151 2517 ordinem
1169 2477 1313 2516 assumere

79 2567 131 2606 seu
149 2555 250 2604 contra
260 2553 364 2604 tratres
384 2552 475 2616 ipsius
500 2552 608 2602 ordinis
621 2550 831 2612 universaliter,
853 2551 901 2602 sed
926 2550 1018 2600 solum
1037 2551 1137 2601 contra
1153 2544 1313 2612 singulares

80 2649 220 2702 personas
237 2634 320 2699 regni
331 2634 478 2698 praedicti.
493 2633 549 2693 Qui
563 2633 716 2699 religiosus
737 2635 869 2698 princeps
887 2634 981 2685 animo
999 2634 1130 2696 prompto
1150 2628 1314 2692 requisitio-

80 2733 148 2772 nem
160 2720 287 2770 nostram
295 2717 449 2769 exaudiens
461 2729 513 2780 per
531 2716 657 2767 diversas
672 2718 768 2781 partes
785 2717 868 2781 regni
886 2717 929 2767 sui
948 2716 1037 2766 dictas
1054 2725 1190 2778 personas
1202 2722 1313 2775 suspec-

77 2806 124 2854 tas
136 2799 265 2866 perquiri
278 2800 307 2850 et
319 2797 457 2850 ecclesiae
468 2798 576 2861 judicio
588 2799 767 2863 praeservari
776 2799 931 2862 praecepit,
945 2798 980 2848 ad
992 2796 1046 2846 hoc
1055 2797 1146 2846 certas
1156 2794 1313 2845 eminentes

78 2895 218 2950 personas
229 2880 394 2945 specialiter
405 2881 585 2932 destinando.
1075 2939 1077 2942 ¹

113 2965 174 3017 Nos
185 2965 276 3030 igitur
288 2976 340 3028 per
352 2963 478 3014 diversas
492 2963 574 3028 regni
586 2964 684 3027 partes
706 2961 934 3027 praesentialiter
952 2960 1085 3012 accedere
1099 2973 1155 3011 non
1175 2957 1311 3019 valentes,

79 3044 214 3111 pluribus
226 3045 354 3111 negociis
371 3057 404 3096 ac
425 3045 593 3096 infirmitate
615 3045 724 3109 proprii
744 3045 872 3109 corporis
895 3043 1034 3108 impediti,
1057 3056 1107 3093 vos
1127 3040 1312 3093 exhortamur

79 3129 110 3178 in
123 3126 258 3191 Domino,
270 3127 350 3178 vobis
361 3129 461 3178 tenore
484 3127 677 3191 praesentium
699 3126 907 3177 committentes
926 3126 954 3176 et
965 3139 1015 3176 vos
1032 3121 1217 3189 singulariter
1228 3121 1315 3187 depu-

80 3211 186 3271 tantes,
195 3209 340 3273 quatenus
353 3210 434 3260 nobis
445 3210 475 3260 in
489 3209 662 3273 adjutorium
683 3221 785 3260 causae
807 3209 872 3259 fidei
891 3208 1082 3274 assurgentes,
1095 3220 1151 3257 non
1162 3205 1249 3270 pigri,
1262 3202 1312 3255 sed

79 3290 197 3358 vigiles,
209 3291 345 3343 adhibitis
357 3292 465 3343 duabus
478 3290 622 3357 religiosis
635 3292 764 3357 personis
774 3293 803 3342 et
815 3291 945 3342 discretis
957 3303 1023 3343 cum
1033 3289 1163 3353 personis
1175 3288 1313 3352 suspectis

80 3373 163 3425 robis
183 3387 237 3438 per
256 3377 357 3440 gentes
374 3374 481 3426 domini
504 3375 584 3440 regis
608 3373 776 3425 exhibendis
797 3373 948 3437 inquiratis
961 3386 995 3425 ex
1012 3374 1094 3437 parte
1106 3371 1211 3428 nostra,
1225 3371 1311 3421 immo

78 3456 177 3521 potius
199 3456 357 3521 apostolica
384 3468 472 3522 super
503 3457 677 3521 praemissis,
706 3455 873 3521 diligentius
902 3457 1060 3511 veritatem,
1087 3452 1311 3519 depositionibus

79 3538 247 3591 commdem
259 3551 311 3604 per
327 3539 470 3603 publicam
481 3552 641 3603 personam,
653 3540 676 3590 si
688 3539 835 3589 commodo
845 3538 937 3603 potest
946 3537 1046 3588 haberi
1056 3539 1104 3588 aut
1113 3551 1165 3602 per
1173 3535 1243 3587 duos
1253 3537 1313 3588 ido-

79 3635 153 3673 neos
163 3621 390 3683 conscribendis3
404 3622 443 3683 et,
453 3622 477 3672 si
489 3622 644 3686 praemissa
654 3620 763 3672 scelera
773 3634 835 3672 esse
852 3634 920 3672 vera
939 3620 1114 3685 reperiretis,
1128 3621 1224 3685 probis
1242 3621 1311 3672 viris

79 3704 193 3756 ordinis
205 3705 327 3754 fratrum
339 3704 480 3754 minorum
491 3706 520 3755 et
532 3703 596 3755 aliis
609 3693 753 3768 religiosis
771 3704 840 3755 viris
860 3704 901 3755 sic
923 3704 1035 3768 aperire
1046 3704 1152 3756 curetis
1164 3704 1312 3769 negotium

79 3789 185 3852 ipsum,
199 3785 274 3851 quod
286 3785 361 3851 apud
373 3798 422 3837 eos
432 3785 477 3836 vel
489 3785 626 3850 populum
645 3800 702 3837 non
715 3787 825 3837 oriatur
841 3785 1004 3838 scandalum
1021 3798 1056 3837 ex
1073 3784 1158 3851 huius
1174 3785 1310 3851 processi-

79 3872 147 3932 bus,
159 3869 209 3920 sed
232 3869 303 3920 odor
324 3869 417 3933 potius
438 3869 528 3921 bonae
547 3870 656 3933 tamae3
675 3870 922 3936 depositionesque
943 3868 1044 3921 talium
1064 3869 1179 3920 testium
1196 3868 1311 3921 domiuo

78 3952 149 4018 regi
159 3954 189 4003 et
200 3951 281 4002 nobis
294 3952 322 4002 in
335 3951 483 4002 Franciam
496 3952 548 4002 sub
560 3952 663 4003 vestris
675 3954 705 4004 et
722 3953 850 4018 gentium
861 3953 988 4018 ejusdem
997 3951 1104 4002 domini
1114 3951 1201 4017 regis,
1215 3953 1264 4015 qui
1276 3951 1311 4004 sd

78 4033 230 4099 praedicta
250 4033 413 4098 specialiter
432 4033 619 4095 destinantur,
638 4034 742 4101 sigillis
760 4035 882 4088 inclusas
902 4033 1026 4087 fideliter
1045 4035 1159 4086 mittere
1179 4049 1235 4085 non
1254 4036 1311 4087 tar·

76 4117 166 4169 detis.

112 4199 219 4251 Actum
231 4199 306 4263 apud
318 4198 506 4261 Pontisaram,
528 4200 574 4251 dic
595 4201 663 4263 xxij.
682 4200 863 4265 Septembris,
885 4215 958 4252 anno
978 4202 1092 4253 Domini
1105 4201 1143 4252 Μ.
1162 4200 1236 4256 000.
1250 4215 1310 4267 sep·

78 4284 165 4334 timo.

112 4363 214 4415 Tener
223 4374 291 4415 vero
302 4363 513 4415 intormationis
524 4378 573 4416 seu
589 4366 776 4417 ordinationis
788 4366 950 4431 praedictae
962 4366 1027 4418 telis
1040 4368 1118 4418 erat:

112 4443 199 4499 Chen
209 4444 238 4498 lc
248 4446 339 4513 forata
354 4454 492 4499 comment
504 4445 524 4498 li
535 4449 724 4500 commisscire
735 4450 809 4500 irem
819 4455 906 4500 uocat
918 4465 954 4501 cn
965 4448 993 4501 lo
1005 4447 1139 4516 besotpae.

110 4529 344 4584 Premerement
352 4533 439 4594 quant
446 4528 467 4580 il
477 4531 574 4583 serunt
581 4544 654 4583 renu
664 4533 694 4583 et
703 4530 933 4587 aurontlachose
943 4533 1055 4586 reveles
1065 4535 1308 4590 aussenescheaus
