3188 5340
187 468 239 522 w
710 469 814 525 ANNO
832 469 897 521 1420

190 633 363 700 competenti
374 633 429 685 sibi
447 646 499 700 per
510 632 632 686 eundem
652 633 843 700 patriarcham
862 646 948 699 super
964 631 1019 684 hoc
1038 631 1194 699 assignato,
1209 642 1306 683 coram
1324 630 1388 683 eoin

187 715 296 780 judicio
316 728 493 781 comparens,
515 729 571 768 non
593 717 765 785 compulsus,
778 730 835 768 non
850 716 975 778 coactus,
995 714 1045 766 sed
1063 715 1165 778 sponte
1176 713 1206 766 et
1217 710 1318 777 libere,
1334 725 1388 778 puro

188 797 316 850 cordeet
333 798 436 861 animo,
458 801 488 850 vt
505 811 556 850 ore
576 799 692 865 proprio
710 798 830 861 dicebat,
854 798 976 850 asseruit
996 797 1027 848 et
1043 797 1191 849 confessus
1210 793 1277 860 tuit,
1299 806 1328 848 se
1342 807 1389 846 cun

188 880 428 934 determinatione
436 880 512 933 dicte
523 882 625 948 synodi
635 882 758 934 firmiter
770 881 888 934 credere
908 878 1059 932 nonnullos
1071 892 1108 932 ex
1118 878 1228 932 eisdem
1240 876 1361 931 articulis
1368 877 1388 929 et

189 963 394 1017 assertionibus
410 965 473 1017 iore
484 963 612 1018 heretica
629 963 693 1018 labe
704 965 835 1030 iniectos,
855 964 927 1017 alios
938 976 1084 1028 erroneos,
1102 962 1213 1028 aliquos
1230 958 1388 1014 scandaloso
1428 1018 1431 1029 Ι

187 1046 218 1098 et
229 1047 388 1112 seditiosos,
401 1048 432 1100 at
442 1047 554 1113 aliquos
565 1049 734 1102 temerarios
745 1047 949 1115 acinjuriosos,
967 1060 1001 1100 ac
1011 1058 1061 1099 eos
1077 1045 1193 1113 penitus
1203 1040 1388 1098 reuocauit-Bt

187 1127 390 1183 nichilominus
397 1130 558 1196 iuramento
575 1131 743 1184 solemniter
752 1133 897 1198 protessus
915 1130 972 1183 init
987 1143 1019 1182 se
1030 1142 1143 1196 semper
1153 1129 1232 1182 stare
1249 1125 1389 1180 tirmiteret

187 1212 323 1277 fideliter,
335 1226 400 1265 cum
412 1216 509 1266 sancta
520 1213 661 1268 catholica
669 1215 699 1267 et
709 1212 865 1280 apostolica
875 1213 1007 1268 Romana
1022 1212 1154 1281 ecclesia,
1165 1214 1196 1266 in
1207 1212 1268 1265 suis
1278 1208 1388 1266 deterri·

187 1295 350 1348 nationibus
361 1298 391 1349 et
399 1284 708 1360 ordinationibus,'illis
719 1309 831 1362 semper
843 1297 1011 1361 obediendo,
1022 1297 1053 1350 in
1062 1296 1117 1362 hiis
1124 1296 1289 1371 presertim,
1306 1293 1388 1360 qusai

187 1378 274 1432 fldem
291 1381 437 1445 pertinent
447 1381 585 1447 eandem
603 1381 691 1434 etiam
708 1381 801 1446 quoad
810 1381 941 1433 damnate
952 1381 1090 1434 memorie
1105 1378 1249 1434 lobannis
1259 1375 1389 1433 Wicleiet

185 1459 328 1514 domums
338 1462 415 1514 Huss
426 1463 646 1529 condempnatos
663 1461 809 1528 articulos,
819 1476 884 1514 cum
895 1463 998 1528 quibus
1008 1463 1097 1530 aliqui
1108 1477 1145 1517 ex
1161 1462 1272 1517 eisdem
1282 1457 1388 1515 articulis

185 1543 218 1596 et
228 1543 433 1598 assertionibus
452 1559 505 1611 per
517 1546 648 1600 eumdem
659 1545 810 1598 Nicolaum
827 1546 981 1611 predicatis
992 1548 1022 1599 et
1037 1545 1200 1613 publicatis,
1212 1546 1245 1598 vt
1255 1542 1387 1617 preterita

185 1629 393 1683 connexionem
400 1629 508 1684 habere
519 1633 683 1694 noscuntur.
696 1629 936 1684 anathematizans
945 1631 975 1683 et
982 1629 1126 1684 detestans
1134 1641 1235 1682 omnes
1243 1623 1387 1695 etmguis

186 1707 304 1765 hereses
316 1713 346 1765 et
356 1725 471 1766 errores
488 1713 674 1766 articulorum
685 1713 891 1780 predictorum,
901 1713 1032 1779 qnodque
1043 1713 1075 1766 in
1085 1711 1272 1766 moramentis
1282 1711 1312 1762 et
1319 1707 1386 1760 claui

185 1799 239 1851 bus
256 1796 332 1848 dicte
341 1796 472 1860 ecclesie,
485 1797 668 1850 veneratione
680 1796 854 1860 sanctorum,
868 1797 899 1849 in
909 1796 1025 1850 illorum
1033 1795 1163 1862 reliquiis
1171 1792 1387 1863 acindulgentds,

186 1881 218 1937 in
229 1882 336 1934 unitate
348 1881 438 1947 ipsius
449 1880 570 1934 ecclesie
587 1882 704 1948 integre
718 1882 748 1932 et
764 1881 892 1945 perfecte
900 1881 1007 1947 absque
1018 1879 1105 1932 dubio
1116 1878 1315 1947 permaneret;
1334 1875 1360 1929 et
1372 1873 1388 1923 d

186 1964 249 2030 lpse
257 1967 358 2017 contra
365 1964 496 2031 predicta
504 1963 613 2029 aliquid
621 1964 746 2017 senserit
754 1964 804 2016 aut
811 1963 1005 2029 predicauerit
1015 1961 1129 2029 publice
1139 1958 1185 2014 vel
1197 1957 1387 2022 occulmerb

185 2046 231 2101 rel
243 2047 274 2099 in
286 2047 409 2115 scriptis,
423 2060 564 2100 canonum
580 2047 729 2099 seueritati
740 2059 771 2098 se
788 2045 919 2109 subiecit,
936 2045 1084 2111 ipsamque
1100 2042 1307 2096 contessionem
1321 2051 1386 2092 manu

185 2144 238 2183 sua
245 2129 363 2196 propria
373 2131 561 2196 subscriptam
570 2130 606 2182 ad
618 2142 739 2197 regnum
747 2129 868 2183 Frende
880 2129 910 2181 et
920 2127 1045 2191 studium
1063 2125 1237 2189 Parisiense,
1248 2138 1283 2179 ac
1296 2121 1386 2178 nobiles

185 2217 216 2266 et
240 2214 459 2267 communitates
483 2213 678 2280 predictarum
703 2212 891 2266 Tornaoensis
919 2213 950 2264 et
974 2208 1190 2265 Cameracensis
1214 2205 1387 2262 malumno

186 2296 332 2351 diocesani
348 2310 382 2350 ac
410 2295 560 2363 opidorum
578 2296 841 2350 circumiacentium
858 2294 944 2362 dirigi
966 2293 1064 2358 soluit,
1085 2306 1121 2347 ne
1141 2291 1206 2358 quis
1228 2287 1385 2357 nominent

184 2378 322 2432 articulos
350 2381 381 2433 et
402 2379 574 2433 assertiones
596 2379 805 2445 suprascriptos
822 2376 1012 2445 approbaret;
1028 2390 1100 2443 quos
1118 2375 1220 2442 voluit,
1240 2370 1385 2443 roganltet

185 2462 397 2527 obsecrabatur,
410 2476 447 2516 ne
458 2462 577 2517 vlterius
587 2463 650 2529 pias
658 2476 743 2516 aures
754 2462 940 2524 offenderent,
953 2458 1067 2527 publice
1074 2460 1110 2512 ad
1121 2471 1224 2512 eorum
1232 2455 1385 2512 decedam

184 2557 251 2598 nem
260 2545 402 2598 notoriam
413 2546 598 2599 concremari.
1347 2573 1351 2582 ·

217 2625 255 2679 Et
278 2627 439 2680 successise
463 2629 592 2693 pretatus
614 2626 787 2693 patriarcha,
805 2626 873 2678 risis
892 2637 944 2692 per
963 2637 1029 2678 eum
1049 2625 1080 2678 et
1097 2623 1255 2692 diligentem
1272 2619 1385 2692 inxpoci'l

185 2710 316 2761 omnibus
327 2710 398 2762 actis
415 2711 445 2762 et
460 2710 594 2773 actitatis,
612 2710 727 2773 habitis,
744 2709 871 2775 probatis
887 2711 917 2761 et
936 2708 1073 2760 confessis
1089 2707 1120 2760 in
1131 2720 1218 2760 causa
1234 2702 1385 2768 huiusmodi.

184 2792 310 2857 ipsisque
323 2806 387 2845 cum
398 2791 550 2860 diligentia
560 2795 709 2846 recensitis
720 2795 750 2846 et
765 2792 944 2854 examinatis,
956 2792 987 2843 et
1002 2803 1089 2857 super
1104 2789 1161 2855 hijs
1177 2803 1244 2842 cum
1255 2785 1386 2852 ambiam

184 2875 273 2942 copis,
285 2876 436 2943 episcopis.
445 2877 595 2930 abbatibus
606 2890 640 2929 ac
656 2876 802 2953 magistris
819 2876 849 2929 et
860 2875 1023 2927 doctoribus
1036 2873 1188 2947 predictis,
1200 2870 1386 2925 deliberatione

105 2962 109 2970 '
184 2959 298 3011 matura
306 2960 336 3011 et
347 2958 414 3011 fidei
425 2958 593 3025 prehabitis,
605 2959 641 3012 ad
652 2958 855 3011 exaltationem
867 2958 934 3010 fidei
946 2957 976 3010 et
985 2955 1116 3008 veritatis
1135 2953 1385 3013 maeoseu

184 3050 236 3105 per
247 3052 328 3092 suam
339 3040 521 3092 diffinitiuam
537 3041 717 3102 sententiam,
729 3039 816 3092 etiam
828 3053 881 3105 per
891 3038 1062 3091 venerabilis
1072 3038 1173 3091 trabis
1183 3037 1277 3093 nostfi
1287 3035 1385 3094 Thone.

184 3122 310 3188 episcopi
330 3123 563 3188 Caputaquensis,
586 3125 617 3175 et
633 3122 805 3175 dilectorum
824 3122 949 3174 illiorum
959 3121 1091 3182 Roberti,
1109 3121 1224 3173 abbatis
1241 3114 1386 3172 monasterii

184 3203 387 3266 Cluniacensin
398 3205 614 3258 Matisconensis
626 3205 756 3267 diocesis,
765 3219 799 3257 ac
818 3205 950 3258 Mauricii
961 3204 997 3256 de
1014 3203 1120 3271 Prsga,
1133 3201 1282 3257 (inillelmi
1297 3197 1386 3255 Priori·

183 3288 444 3352 nepotucsmnici
456 3287 755 3350 concessissemus,
772 3288 803 3340 in
815 3287 923 3340 eisdem
934 3285 1082 3352 theologis
1092 3287 1123 3338 et
1132 3283 1386 3352 insomnietate
1429 3268 1431 3305 ²

183 3382 248 3421 rum
264 3372 295 3422 et
311 3370 469 3434 doctorum,
489 3371 726 3435 subscriptionem
745 3370 875 3423 manibus
894 3369 1017 3436 proprijs
1033 3369 1139 3422 tactam
1157 3369 1189 3421 et
1210 3366 1386 3436 approbem·

183 3454 393 3520 pmnunciauit,
411 3456 540 3508 decreuit
551 3455 581 3508 et
597 3452 755 3507 declarauit
773 3455 895 3506 eundem
915 3452 1064 3506 Nicolaum
1080 3453 1112 3504 in
1123 3452 1288 3505 ciuihubus
1299 3450 1387 3504 'l'orna-

184 3537 262 3589 censi
279 3538 309 3589 et
327 3537 525 3591 Cameracensi
542 3550 576 3590 ac
596 3538 726 3604 partibus
741 3536 878 3603 predictis
894 3549 947 3603 per
968 3550 1033 3589 suas
1048 3535 1136 3589 talsas
1153 3533 1386 3602 dogmatixab'onet

183 3617 320 3684 populum
341 3620 475 3673 iniecisse
500 3621 530 3672 in
555 3619 719 3672 scandalum
743 3619 865 3672 ecclesie
890 3622 920 3672 et
945 3620 1046 3671 conus
1062 3618 1215 3671 veritatem
1234 3617 1303 3670 fidei
1317 3617 1386 3681 amne
1429 3630 1431 3695 j

183 3701 322 3756 bonorum
331 3717 451 3766 morum,
463 3702 584 3769 illosque
595 3703 834 3769 periculosissime
845 3701 991 3754 seduxisse
1002 3703 1033 3753 et
1043 3699 1275 3754 circumuenisse.
1429 3737 1431 3757 .

174 3806 176 3809 v
214 3784 252 3836 Et
267 3786 336 3849 quia
353 3785 546 3849 quorumlibet
562 3785 731 3838 delictorum
741 3785 865 3850 qualitas
881 3786 912 3837 et
930 3784 1073 3848 quantitas
1094 3783 1272 3849 inspiciendo
1287 3776 1386 3842 suntet

182 3867 264 3932 jnxta
273 3867 340 3921 illas
348 3870 506 3934 penitentia
522 3870 674 3934 indicatur,
693 3869 824 3921 ciuitates
833 3869 865 3920 et
876 3868 1004 3920 dioceses
1012 3856 1225 3920 Tornacensem
1235 3867 1266 3920 et
1275 3864 1386 3919 Gamera-

183 3963 297 4002 oensem
308 3952 460 4017 predictas,
471 3953 501 4004 et
511 3952 660 4018 regionem
672 3953 715 4003 eis
732 3952 897 4018 contiguam
907 3951 1028 4017 triginta
1038 3949 1186 4003 leucarum
1196 3949 1300 4017 spatio,
1310 3945 1387 4001 eidem

183 4032 312 4096 Nicolao‚
325 4035 419 4099 quoad
435 4035 555 4096 sineret,
573 4048 606 4085 sc
617 4035 763 4086 ermetem
775 4036 805 4086 et
815 4034 951 4086 diocesim
959 4033 1152 4086 Parisiensem
1163 4045 1255 4100 usque
1263 4031 1389 4084 addmen

183 4128 272 4166 annos
289 4129 307 4167 a
323 4116 370 4167 die
386 4113 444 4168 late
461 4116 601 4167 sententie
614 4115 776 4167 huiusmodi
792 4114 1005 4180 computandos,
1017 4114 1070 4167 sub
1081 4127 1157 4180 pena
1171 4107 1391 4167 uescentium

183 4197 320 4260 perpetue
338 4197 444 4261 absque
464 4210 514 4261 spe
525 4197 650 4248 cuiusuis
662 4198 838 4249 remissionis
854 4197 1013 4260 interdixit,
1032 4197 1137 4262 ipsum,
1148 4196 1174 4249 si
1193 4190 1392 4254 munusculi,

182 4276 300 4329 brachio
312 4277 435 4331 seculari
446 4277 633 4342 relinquendo
646 4295 654 4343 ;
672 4294 783 4332 necnon
794 4280 996 4346 apparentibus
1007 4280 1044 4334 ds
1054 4279 1202 4346 premissis
1219 4275 1395 4335 erroribubit

183 4361 283 4413 eodem
295 4361 414 4414 Nicolao
426 4362 605 4414 contritionis
622 4364 652 4414 et
668 4362 893 4429 compunctionis
903 4363 993 4430 signis
1004 4376 1039 4416 ac
1048 4362 1139 4429 ipsius
1150 4361 1396 4431 voluntariam

183 4442 337 4498 salubriter
355 4444 534 4511 imponendis
552 4444 608 4497 sibi
626 4444 811 4510 subiectione,
829 4446 860 4498 et
878 4443 995 4498 illorum
1008 4443 1112 4498 humili
1128 4445 1273 4512 petitione
1290 4445 1400 4517 presbb,

183 4527 328 4593 prelatum
347 4526 498 4583 Nicolaum
516 4527 553 4582 ad
571 4528 714 4597 gremium
732 4531 829 4585 sancte
847 4525 948 4584 matris
969 4527 1091 4586 ecclesis
1109 4527 1218 4586 deuote
1240 4531 1403 4588 redeuntes
