3188 5340
691 505 797 561 ANNO
819 506 884 560 1423
1347 508 1399 561 258

205 666 346 720 Matium
365 668 525 735 episcopas,
554 680 655 722 seruus
675 681 825 722 seruorum
853 669 918 735 Dei,
940 668 1098 723 venerabili
1125 671 1241 725 tratri..
1262 672 1397 740 episcopo

177 749 348 803 hussnensi
364 749 509 804 etdIlecto
521 750 747 805 tilio·..beretice
763 751 915 816 prauitatis
935 752 966 803 in
986 753 1103 807 stultate
1122 757 1153 808 et
1163 756 1269 808 diocesi
1287 756 1398 809 Laum-

175 832 253 885 nensi
269 832 444 899 inquisitori,
462 832 585 886 salutem
601 835 631 886 et
647 832 833 899 apostolicam
850 833 1092 888 benedictionem.
1230 825 1232 835 ’

203 913 286 969 inter
309 915 462 981 precipuas
480 914 676 969 solicItudines
702 916 853 993 regiminis
880 916 1049 971 vmmrsalis
1074 919 1205 985 ecclesie,
1231 921 1333 986 quibus
1362 936 1399 977 es

172 996 301 1051 imuncto
312 997 394 1050 nobis
406 997 543 1050 diuinitus
554 996 646 1051 otlicio
658 997 743 1050 saluti
755 999 854 1064 gregis
863 998 999 1051 dominici
1010 1003 1180 1067 propensius
1196 1003 1346 1056 intendere
1368 1007 1399 1057 et

172 1079 337 1134 terruncius
343 1079 501 1148 inuigilare
516 1080 663 1142 deminus,
680 1080 732 1133 bec
745 1081 827 1132 nobis
839 1082 977 1133 incumbit
989 1097 1058 1137 cura
1076 1085 1233 1149 potissima,
1245 1085 1399 1140 otbereses

172 1163 202 1216 et
220 1161 294 1215 alios
313 1162 456 1230 quoslibet
471 1176 596 1226 errores,
613 1163 773 1216 sediciones
790 1165 819 1215 et
836 1163 971 1217 scandala
990 1166 1068 1218 inter
1087 1166 1208 1234 populos
1228 1167 1400 1222 christianos

171 1257 344 1312 omnemque
353 1246 481 1299 eiusdem
499 1246 598 1315 gregis
613 1246 781 1300 intectiuam
798 1247 956 1300 doctrinam
968 1262 1084 1314 prorsus
1096 1249 1210 1304 abicere
1221 1252 1252 1304 et
1267 1253 1397 1307 funditus

171 1329 320 1397 extirpare
328 1342 473 1383 conemur.
507 1366 509 1371 -

201 1410 306 1478 Nuper
313 1410 453 1478 siquidem
461 1409 574 1465 litteras
584 1412 704 1475 vestras,
714 1412 856 1477 quendam
864 1413 1015 1466 Nicolaum
1027 1414 1186 1468 Serrurarii
1198 1417 1307 1469 ordinis
1318 1415 1399 1472 here·

171 1493 309 1548 mitarom
330 1494 421 1547 sancti
445 1493 608 1562 Augustini,
632 1509 712 1548 sacre
732 1493 880 1563 theologie
896 1497 1075 1563 magistrum,
1097 1499 1204 1552 dudum
1229 1500 1398 1554 constancia

172 1589 260 1643 snper
270 1576 418 1631 nonnullis
434 1578 581 1631 erroribus
592 1578 678 1631 tidem
700 1576 870 1631 catholicam
889 1580 1082 1646 tangentibus,
1094 1594 1147 1646 per
1158 1582 1251 1648 ipsum
1270 1583 1301 1636 in
1312 1583 1399 1635 certis

173 1657 332 1712 Galliarum
359 1657 488 1726 partibus
508 1659 718 1725 dogmatizatis,
737 1659 891 1714 diffinitiua
910 1675 946 1714 ex
969 1661 1168 1715 commissione
1184 1663 1293 1725 nostra,
1316 1677 1399 1716 sacro

173 1739 351 1807 approbante
367 1739 498 1804 concilio,
510 1740 571 1794 lata
589 1741 739 1804 sententia,
753 1742 932 1807 postmodum
952 1743 983 1794 in
1000 1744 1101 1796 eodem
1121 1743 1242 1796 concilio
1259 1757 1295 1798 ex
1312 1743 1400 1797 simili

174 1823 373 1877 commissione
391 1823 567 1887 confirmata,
588 1823 753 1876 damnatum
772 1828 802 1877 et
820 1826 1034 1888 sententiatum,
1058 1826 1134 1891 apud
1159 1840 1208 1878 vos
1236 1827 1399 1882 carceribus

174 1905 299 1960 detineri
317 1906 504 1969 insinuantes,
524 1919 644 1959 unacum
663 1907 786 1972 quodam
802 1908 916 1973 publice
935 1909 1122 1964 contessiouis
1141 1922 1194 1974 per
1210 1909 1304 1975 ipsum
1323 1908 1398 1961 tacte

172 1987 373 2052 mabumento,
392 1988 670 2056 interrogacionibus
686 1989 776 2042 eciam
792 2004 845 2055 per
861 2004 926 2043 eum
944 2003 1040 2043 coram
1060 1990 1214 2045 tabellione
1231 1992 1261 2044 et
1277 1991 1399 2044 testibus

173 2070 257 2134 datis,
276 2071 457 2138 accepimus3
477 2072 507 2124 et
526 2085 591 2123 cum
610 2071 687 2123 idem
708 2071 843 2125 Nicolsus
867 2074 995 2139 tempore
1012 2073 1151 2139 captionIs
1167 2074 1352 2139 protenderet
1368 2085 1400 2126 se

173 2167 235 2209 esse
256 2154 289 2206 in
307 2154 356 2207 via
372 2154 409 2207 cd
430 2153 583 2206 concilium
606 2152 742 2220 generale
761 2155 858 2220 eundi,
879 2157 948 2219 quid
967 2156 1003 2209 de
1014 2169 1048 2209 eo
1060 2156 1125 2210 deri
1142 2154 1401 2211 vellemusanobis

182 2362 184 2365 .
205 2319 288 2372 Vnde
298 2331 373 2380 cum.
386 2318 446 2371 viso
457 2319 535 2370 dicto
552 2318 739 2371 confessionis
756 2318 957 2381 iustrumento,
970 2334 1027 2371 non
1044 2320 1083 2372 sit
1098 2320 1252 2375 verisimile
1270 2323 1399 2375 tenorem

173 2401 248 2455 dicte
259 2401 407 2454 sentenme
423 2402 498 2467 apud
514 2414 565 2453 vos
581 2402 649 2454 tunc
666 2402 800 2464 existere,
813 2416 877 2453 cum
894 2402 970 2455 idem
983 2403 1118 2455 Nicolaus
1130 2404 1214 2468 plene
1226 2406 1257 2457 et
1264 2405 1399 2470 specifice

174 2497 260 2550 super
271 2481 396 2550 singulis
415 2484 491 2536 dicte
510 2484 656 2536 sentencie
675 2483 804 2535 articulis
825 2498 883 2536 non
902 2485 1033 2536 videatur
1051 2485 1256 2552 interrogatus,
1280 2486 1399 2551 ipseque

173 2567 360 2629 nfflmenm,
373 2566 423 2619 sed
431 2565 542 2631 aliquas
550 2566 651 2618 dubias
663 2568 693 2619 et
703 2566 887 2618 alternatiuas
899 2567 935 2618 ad
946 2566 1013 2618 illos
1025 2568 1128 2631 quibus
1139 2569 1286 2633 respondit
1296 2570 1401 2623 ardeu-

173 2647 413 2712 canonicaeve
426 2649 634 2715 responsiones,
648 2650 742 2701 necin
759 2650 860 2714 quibus
877 2650 953 2701 dicte
970 2650 1116 2703 sentencie
1132 2651 1261 2715 paruerit
1271 2652 1322 2704 aut
1334 2667 1388 2711 con

173 2731 565 2797 bauenerltffipecidcauerit,
573 2745 624 2782 nos
636 2730 842 2784 consultacioni
853 2734 947 2785 vestre
956 2732 1085 2785 breuiter
1096 2734 1310 2799 respondentes,
1319 2735 1401 2802 vobis

172 2813 377 2865 committimus
388 2813 594 2866 etmandamus
613 2815 754 2879 quatenus
774 2809 944 2866 sententiam
964 2815 1132 2879 predictam,
1144 2828 1230 2879 quam
1246 2816 1325 2868 vobis
1348 2816 1400 2868 sub

172 2894 288 2961 publico
300 2895 491 2949 Instrumenta
511 2896 741 2960 transmittimus,
762 2898 924 2948 executioni
943 2898 1038 2948 debita
1061 2911 1114 2963 per
1132 2912 1181 2948 vos
1193 2896 1238 2949 vel
1250 2897 1338 2955 alium
1350 2912 1400 2951 seu

172 2977 245 3030 alios
253 2978 426 3031 auctoritate
443 2979 542 3030 nostra
553 2978 725 3032 demandare
737 2981 853 3031 curetis.
864 2980 901 3032 iit
912 2979 1114 3033 nichilominus
1127 2979 1151 3030 si
1163 2993 1216 3044 per
1226 2980 1282 3032 iam
1295 2981 1399 3032 iactam

171 3059 217 3113 vel
227 3060 391 3115 rodenmm
406 3059 476 3112 dicti
487 3058 608 3127 Nicolai‚
620 3075 705 3125 quem
716 3075 803 3128 super
811 3061 933 3128 singulis
944 3063 974 3114 in
993 3063 1093 3116 eadem
1102 3062 1248 3114 sentencia
1259 3064 1399 3115 contentis

172 3141 303 3195 articulis
323 3140 510 3209 singulariter
520 3143 550 3196 et
566 3142 699 3208 specifice
715 3144 911 3210 interrogetis,
928 3145 1135 3198 contessionem
1153 3145 1202 3195 aut
1213 3144 1400 3208 probacioues

172 3223 257 3286 alias,
270 3223 307 3276 de
319 3223 421 3289 quibus
431 3224 518 3276 etiam
535 3224 635 3276 eadem
646 3224 817 3284 auctoritate
833 3225 989 3292 diligenter
1003 3227 1164 3292 inquiratis,
1182 3228 1303 3280 eundem
1316 3229 1400 3282 blico·

171 3305 252 3358 laum
262 3304 408 3372 relapsum
419 3306 482 3359 iore
495 3308 544 3358 aut
553 3306 624 3359 alias
635 3307 665 3359 in
673 3307 819 3373 premissis
831 3307 985 3372 deliquisse
995 3310 1171 3376 repereritis,
1178 3311 1271 3375 ipsum
1279 3311 1401 3375 prouida

173 3387 329 3456 corrigatis
340 3390 370 3440 et
381 3389 507 3454 puniatis
518 3391 674 3442 secundum
691 3389 841 3443 canonicas
858 3391 1015 3443 sauciones.
1029 3392 1259 3445 contradictores
1272 3406 1325 3458 per
1336 3407 1401 3447 cen·

172 3485 256 3524 susus
267 3470 483 3536 ecclesiasticas,
496 3471 692 3538 appellacione
700 3473 867 3538 postposita,
878 3475 1091 3537 compescendo,
1101 3476 1234 3527 inuocato
1251 3476 1288 3527 ad
1299 3475 1364 3538 boc,
1376 3475 1401 3526 si

173 3566 246 3619 opus
262 3554 360 3616 tuerit,
381 3553 488 3607 auxilio
496 3554 608 3607 brachii
625 3555 772 3608 secularis.
786 3555 888 3607 Testes
901 3557 996 3608 autem
1008 3557 1057 3621 qui
1068 3557 1178 3609 tuerint
1189 3558 1339 3619 nominati,
1351 3557 1400 3622 qui

172 3648 204 3688 se
214 3635 325 3702 grwia,
335 3635 400 3687 odio
417 3635 463 3689 vel
474 3637 580 3689 timore
591 3637 795 3701 subtraxerint,
806 3650 929 3689 censura
944 3637 1042 3701 simili,
1051 3638 1247 3704 appellacione
1259 3641 1400 3705 cementa,

172 3716 354 3782 compellatis
361 3719 476 3772 neritmi
484 3719 680 3772 testimonium
693 3719 856 3786 perbibere.
867 3720 932 3772 Non
944 3720 1119 3773 obstantibus
1131 3723 1189 3773 tam
1198 3721 1291 3777 leticia
1302 3735 1401 3775 recor-

172 3800 304 3853 dacionis
315 3800 456 3854 Boniiacii
465 3815 538 3867 pape
546 3801 615 3855 vni
623 3803 834 3867 predecessoris
846 3803 947 3865 nostri,
961 3803 990 3855 in
1007 3803 1109 3868 quibus
1118 3805 1236 3857 cauetur
1248 3805 1401 3859 neiudices

172 3882 272 3935 asede
283 3881 440 3949 apostolica
456 3884 586 3949 deputati
598 3884 709 3949 aliquos
719 3885 795 3938 ultra
805 3898 892 3938 unam
904 3885 1010 3938 dietam
1021 3898 1038 3937 a
1048 3885 1107 3938 tlne
1115 3886 1236 3950 diocesis
1245 3888 1401 3940 eorundem

172 3963 292 4018 trahere
299 3966 476 4030 presumant,
487 3968 518 4019 et
528 3967 563 4020 de
575 3967 685 4020 duabus
697 3968 782 4020 dietis
798 3969 828 4020 iu
838 3967 962 4020 concilio
974 3966 1113 4034 generali,
1125 3983 1210 4034 quam
1219 3967 1284 4021 aliis
1300 3970 1403 4022 consti·

173 4047 334 4100 tutionibus
350 4047 513 4114 apostolicis
532 4050 692 4115 ceterisque
712 4051 865 4103 contrariis
882 4051 1116 4115 quibuscumque,
1140 4064 1190 4104 seu
1210 4052 1235 4103 si
1257 4051 1402 4117 aliquibus

172 4130 364 4184 communiter
374 4130 420 4184 vel
431 4131 546 4184 diuisim
558 4145 575 4185 a
586 4133 663 4186 dicta
671 4134 709 4184 sit
720 4134 787 4187 sede
799 4133 951 4194 indultum.
961 4134 1037 4198 quod
1047 4133 1190 4196 interdici
1203 4136 1340 4200 suspendi
1354 4133 1400 4187 vel

173 4212 427 4277 excommunicari,
439 4213 571 4267 autvltra
581 4215 627 4268 vel
639 4217 721 4268 extra
731 4215 795 4267 loca
806 4216 843 4268 ad
859 4216 996 4268 iudicium
1007 4217 1124 4268 euocari
1143 4217 1327 4282 nonpossint,
1348 4230 1401 4283 per

171 4293 289 4348 litteras
298 4295 468 4361 apostolicas
479 4311 536 4348 non
545 4297 682 4351 iacientes
691 4297 805 4364 plenam
822 4300 852 4351 et
863 4311 1025 4362 expressam
1042 4311 1075 4350 ac
1086 4297 1121 4350 de
1132 4298 1218 4351 verbo
1229 4299 1265 4351 ad
1279 4300 1399 4355 verbum

172 4378 210 4433 de
221 4376 334 4431 indulto
344 4377 507 4432 huiusmodi
519 4381 706 4433 mencionem.
720 4381 825 4433 Datum
835 4380 928 4434 Rome
946 4381 1020 4446 apud
1037 4381 1165 4434 sanctam
1176 4381 1297 4435 Mariam
1307 4381 1400 4435 maio·

170 4473 248 4527 rem,
256 4458 289 4514 11
299 4459 367 4514 Idus
375 4461 557 4527 Nouembris,
569 4462 752 4528 pontificatus
763 4463 855 4517 nostri
863 4475 938 4517 anno
950 4463 1041 4517 sexto.

439 4551 558 4606 (lehem
582 4551 693 4619 arcbiel
719 4567 783 4607 van·
799 4552 850 4608 bet
874 4553 1025 4622 Νίκαια,
1046 4553 1203 4623 Regestum
1222 4564 1255 4610 n⁰
1274 4553 1400 4622 GOOLV,

470 4635 521 4690 iol.
533 4634 571 4703 ⁸3
592 4635 795 4707 aigedrulstbij
805 4635 1045 4702 cadomerccoio
1052 4637 1269 4708 Semurimbls.
1279 4638 1401 4695 &aaut
