3188 5340
580 458 684 516 ANNO
704 459 768 512 llio
1236 459 1288 514 23!

61 626 144 698 door
165 627 229 697 deu
251 626 421 716 patriarch
443 647 508 697 san
532 626 800 714 constantinopol
824 630 920 714 tsgcn
943 625 1094 695 Nicolaas
1116 625 1287 695 Serruriar

61 733 310 823 uitgssproken.
340 771 381 786 -
413 733 488 800 Van
521 731 579 799 het
610 730 745 817 gehealo
767 729 1025 817 berospsgeding
1049 726 1129 798 nddr
1151 730 1192 798 ds
1214 730 1285 800 dria

60 835 256 906 kardinalen
272 834 363 904 werd
380 835 462 903 door
476 833 538 903 den
557 834 682 902 notaris
706 834 850 902 Hermen
877 832 1060 914 Lutlsahns,
1092 833 1187 901 klsrls
1218 855 1283 903 san

59 941 225 1023 liunstcr,
235 937 274 1008 do
290 938 469 1008 notarie'c'lo
483 945 557 1008 acts
572 936 768 1026 opgsmaakt
784 957 827 1006 an
841 936 921 1004 door
936 937 1011 1006 hcm
1023 936 1280 1009 cudarteekend.

93 1059 128 1115 ts
148 1072 255 1114 nomas
275 1057 390 1112 Domini
406 1070 499 1112 amen.

92 1142 264 1210 Vnigenitus
276 1142 329 1195 Dei
341 1140 426 1206 lilius,
447 1141 527 1193 cuius
546 1139 638 1193 liuore
658 1140 749 1193 sanati
761 1154 857 1192 sumus
877 1140 906 1192 et
928 1140 1074 1206 sanguinis
1085 1142 1164 1195 tonte
1179 1143 1283 1207 renati,

61 1224 228 1279 solussnam
236 1225 368 1278 lundsuit
376 1222 535 1285 ecclesiam,
545 1236 632 1288 supra
640 1224 749 1288 petram
759 1223 825 1275 ildci
838 1236 904 1274 mox
916 1223 1057 1276 nascentis
1075 1225 1176 1286 erexit,
1187 1225 1283 1277 beato·

62 1321 118 1374 que
138 1307 228 1361 Petro
251 1306 445 1373 apostolorum
467 1305 600 1371 principi,
618 1308 716 1358 eterne
733 1306 790 1358 vite
814 1304 969 1372 clauigern,
992 1305 1105 1358 celestis
1125 1309 1155 1359 et
1175 1309 1281 1374 terreni

61 1389 146 1444 umal
166 1390 281 1455 imperii
293 1389 359 1454 jura
381 1388 531 1450 commisit,
544 1389 685 1452 dispersos
698 1387 787 1440 lsrael
807 1388 842 1439 ad
863 1387 939 1440 ouile
956 1402 1037 1440 suum
1056 1389 1283 1442 ministeriosus

60 1473 202 1539 passionis
215 1472 358 1534 reductus,
369 1470 478 1537 ligandi
494 1472 579 1535 atque
590 1469 719 1522 soluendi
737 1471 791 1521 sibi
808 1472 838 1522 et
849 1471 878 1521 in
888 1484 921 1522 eo
934 1471 992 1523 suis
1003 1473 1212 1524 successoribus
1224 1475 1283 1524 tra·

62 1555 121 1608 dito
133 1555 306 1621 principatu.
317 1553 496 1619 Quapropter
506 1553 637 1604 Romano
649 1554 788 1618 pontiflci,
797 1553 923 1605 eiusdem
933 1553 1069 1618 principis
1078 1554 1107 1605 in
1119 1555 1282 1618 principatu

62 1635 226 1691 huiusmodi
249 1636 417 1697 successori,
440 1634 495 1687 hee
511 1635 608 1701 vigilie
622 1636 756 1700 precipue
774 1635 883 1698 sedulo,
899 1635 1017 1701 jugique
1028 1637 1121 1687 studio
1133 1636 1283 1688 imminent

61 1718 217 1786 apostolice
229 1718 386 1780 seruitutis,
410 1719 439 1768 vt
459 1716 608 1769 ecclesiam
631 1719 721 1781 ipsam
744 1732 876 1782 sponsam
898 1731 977 1768 suam
1001 1732 1075 1769 nouo
1098 1731 1211 1782 semper
1221 1720 1283 1770 ictu

60 1800 241 1867 multiplicet,
254 1799 526 1866 multiplicatamque
538 1801 567 1850 in
580 1800 668 1863 ipsius
679 1800 854 1866 integritate,
867 1814 930 1850 cum
942 1801 1033 1851 mater
1045 1801 1082 1850 sit
1091 1799 1201 1852 illibata
1218 1801 1280 1853 sine

60 1883 173 1937 macula
183 1886 214 1936 et
224 1897 307 1950 ruga,
325 1885 407 1935 extra
417 1895 501 1946 quam
514 1881 608 1933 nullus
619 1882 733 1947 proficit
745 1883 779 1934 ad
792 1881 923 1944 salutem,
935 1883 1041 1945 absque
1053 1883 1160 1934 erroris
1169 1896 1281 1947 preser-

61 1968 112 2019 tim
120 1965 233 2019 heresis
250 1966 450 2018 commixtione
461 1962 628 2015 inuiolatam
641 1966 802 2016 conseruet.

91 2049 168 2102 Sana
179 2049 291 2114 pridem
302 2048 338 2100 ad
358 2047 537 2098 sacrosancte
548 2047 578 2097 et
589 2045 733 2112 generalis
750 2046 850 2112 synodi
863 2046 1085 2099 Constantiensis
1094 2047 1281 2100 vniversalcm

62 2130 115 2184 Dei
133 2129 284 2184 ecclesiam
301 2128 535 2195 representantis,
554 2142 606 2193 pro
626 2130 833 2182 relormacione
845 2143 956 2181 morum
972 2143 1005 2182 ac
1016 2128 1149 2181 heresum
1160 2131 1282 2196 extirpa·

62 2214 142 2266 tious
153 2214 184 2266 in
193 2212 300 2278 Spiritu
309 2212 412 2265 Sancto
424 2210 552 2277 legitime
564 2213 748 2278 congregate,
769 2213 836 2264 sede
853 2209 1008 2276 apostolica
1029 2214 1143 2277 pastore
1155 2215 1281 2277 carente,

63 2296 168 2362 primo,
189 2297 219 2347 et
230 2295 333 2348 deinde
349 2294 385 2346 ad
397 2293 566 2346 sanctissimi
584 2294 614 2344 in
635 2293 747 2345 Christo
767 2294 857 2359 patris
876 2295 906 2346 et
925 2294 1032 2346 domini
1055 2295 1154 2357 nostri,
1173 2294 1281 2346 domini

62 2377 192 2444 Martini,
220 2378 318 2430 diuina
342 2376 523 2442 prouidentia
547 2389 620 2440 pape
649 2376 750 2440 quinti,
780 2376 815 2428 ad
843 2377 952 2441 apicem
980 2377 1082 2428 summi
1105 2376 1281 2442 apostolatus

60 2461 209 2527 assumpti,
220 2458 378 2512 clamorosa
389 2457 620 2523 lamentabilique
633 2472 699 2511 voce
712 2457 911 2511 nonnullorum
929 2459 1104 2524 prelatorum
1113 2461 1143 2513 et
1158 2458 1281 2512 aliorum

59 2542 119 2596 selo
128 2543 184 2595 Dei
195 2542 368 2596 icruentium
377 2542 412 2593 de
423 2541 552 2606 partibus
563 2539 665 2603 Gallie,
683 2542 713 2592 vt
729 2541 889 2603 didicimus,
901 2542 1035 2607 peruenit
1045 2542 1183 2605 auditum,
1204 2543 1280 2607 quod

59 2625 175 2691 quidam
187 2625 279 2677 irater
294 2622 608 2688 NicolausSerrurarll,
621 2623 730 2674 ordinis
746 2625 868 2677 fratrum
887 2623 1090 2677 heremitarum
1111 2625 1201 2678 sancti
1223 2623 1280 2677 Au·

58 2707 177 2776 gnatini,
188 2709 288 2759 contra
298 2706 456 2758 doctrinam
468 2704 589 2770 apostoli
609 2705 673 2770 plus
695 2719 796 2770 sapere
815 2706 913 2759 volens
924 2720 1008 2770 quam
1020 2708 1142 2772 oportet,
1155 2707 1280 2760 tunicam

58 2790 174 2843 Domini
186 2788 385 2841 inconsutilem
396 2788 526 2840 scindere
543 2787 659 2840 molitus
671 2790 724 2852 est,
741 2789 876 2840 zizaniam
895 2789 1053 2853 iniquitatis
1065 2791 1159 2843 satore
1179 2803 1280 2855 procu·

55 2873 148 2936 rante,
158 2873 192 2925 iu
212 2886 269 2924 non
281 2871 422 2923 modicum
439 2870 613 2922 sinceritatis
636 2871 703 2922 fidei
721 2869 879 2924 orthodoxe
898 2873 928 2923 et
950 2871 1100 2938 religionis
1121 2872 1277 2924 christiane

56 2955 197 3009 iacturam
206 2954 370 3007 seminando
390 2967 432 3017 ac,
445 2953 520 3019 quod
538 2953 727 3005 execrabilius
747 2955 791 3006 est
802 2954 912 3019 auditu,
924 2954 1059 3019 quasdam
1072 2967 1207 3007 erroneas
1220 2956 1279 3007 eta

56 3038 112 3090 ilde
139 3037 239 3090 dcuias
267 3037 405 3100 bonisque
428 3035 554 3087 moribus
573 3036 732 3088 contrarias
752 3037 937 3099 asserciones,
957 3037 987 3088 in
1008 3037 1105 3089 diuirm
1122 3037 1278 3089 maiestatis

56 3121 195 3172 offensam
216 3118 330 3184 publice
349 3119 385 3171 ad
405 3118 541 3183 populum
565 3132 694 3171 asserere
717 3121 747 3170 ct
769 3119 961 3184 dogmatizare
981 3133 1036 3170 non
1060 3120 1220 3171 verebatur.
1232 3119 1277 3171 Nc

56 3203 153 3255 autem
164 3215 219 3253 vna
237 3200 299 3252 ouis
317 3201 445 3252 morbida
457 3202 547 3252 totum
560 3213 678 3267 gregem
690 3201 829 3264 inliceret,
850 3200 1027 3266 populusque
1039 3200 1099 3253 Deo
1116 3202 1236 3254 deuotus
1247 3202 1278 3254 in

55 3284 120 3352 lege
129 3284 246 3337 Domini
258 3281 426 3348 simpliciter
434 3283 552 3336 caritate
565 3297 620 3334 non
631 3284 697 3335 licta
705 3283 863 3346 ambulans,
872 3282 1118 3349 pseudoprophete
1127 3285 1277 3337 attendens

54 3366 226 3420 illaberetur
237 3366 273 3419 ad
290 3366 378 3418 vetita
389 3365 706 3431 contaminarenturque
719 3368 825 3430 sancta,
843 3367 873 3418 et
884 3366 981 3432 plures
993 3367 1028 3418 de
1039 3367 1164 3419 vanitate
1175 3381 1277 3420 conue-

54 3449 198 3502 uirentia
215 3449 350 3513 idipsum,
367 3449 479 3513 prelata
495 3452 675 3500 sacrosancta
694 3449 809 3500 sinodus
828 3448 972 3515 generalis
994 3448 1097 3513 primo,
1118 3463 1151 3501 ac
1173 3449 1279 3502 deinde.

54 3532 147 3584 dictim
158 3533 256 3583 noster
267 3542 349 3596 papa,
367 3544 436 3582 cura
455 3530 591 3597 peruigili
611 3530 799 3598 diligentique
812 3531 953 3596 exquisita
969 3531 1049 3583 iuxta
1068 3531 1196 3583 veritatis
1215 3545 1276 3585 ver·

53 3615 120 3666 bum
135 3626 142 3665 :
165 3613 262 3665 Arbor
278 3627 334 3678 que
346 3626 402 3665 non
414 3613 483 3664 lacit
495 3614 618 3665 fructum
641 3614 746 3665 bonum
769 3614 917 3666 excidetur
932 3615 1006 3665 etin
1022 3615 1119 3680 ignem
1134 3615 1280 3679 mittetur,

51 3697 300 3759 infructuosisque
324 3695 455 3760 palmites
473 3696 616 3747 instruens
634 3696 827 3758 succidendos,
848 3698 878 3747 et
897 3697 926 3746 vt
943 3697 977 3747 de
1002 3696 1147 3761 premissis
1169 3697 1274 3748 veritas

52 3778 270 3840 dilucidaretur,
283 3779 368 3842 prout
384 3778 456 3830 tanti
474 3779 580 3844 negotlj
602 3779 692 3845 exigit
710 3778 841 3842 qualitas,
859 3777 981 3842 lideique
994 3778 1151 3831 orthodoxe
1163 3793 1274 3832 conser-

51 3862 171 3913 uaretur
180 3860 339 3921 sinceritas,
351 3872 404 3911 nec
421 3860 472 3911 sub
485 3860 713 3913 dissimulacione
730 3861 803 3911 sicco
816 3861 887 3926 pede
899 3861 1044 3913 videretur
1054 3861 1210 3924 ambulare,
1222 3874 1274 3926 per

50 3955 118 3995 suas
137 3941 276 4008 speciales
296 3942 519 4008 commissiones,
540 3955 638 3995 omnes
660 3945 690 3995 et
706 3943 833 4010 singulas
853 3957 961 4004 causas,
985 3958 1040 4010 que
1063 3944 1273 3996 ventilabantur

50 4025 154 4077 contra
163 4037 355 4089 quoscumque
367 4023 537 4077 adherentes
547 4027 697 4090 dampnate
707 4027 844 4078 memorie
852 4022 976 4091 Johannj
987 4024 1137 4079 Wicledet
1146 4025 1272 4079 iohanni

49 4108 129 4161 Huss
149 4119 305 4171 eorumque
324 4118 458 4171 sequaces
475 4110 505 4159 ct
521 4110 655 4171 lautores,
669 4123 702 4160 ac
719 4121 909 4173 quascumque
920 4121 1028 4171 causas,
1040 4122 1092 4174 pro
1104 4109 1272 4174 parteinsti·

47 4192 185 4258 gatorum
197 4190 233 4242 et·
243 4191 448 4255 promotorum,
461 4192 560 4242 contra
570 4192 711 4253 tenentes,
723 4191 904 4256 predicantes
915 4190 960 4242 vel
972 4190 1194 4258 dogmatizantes
1206 4191 1270 4243 doc·

48 4272 158 4324 trinam
169 4273 200 4324 ct
215 4273 323 4324 sectam
334 4272 527 4338 predictorum
548 4271 688 4325 iohannis
705 4271 823 4325 wicleu
837 4275 866 4325 et
876 4271 1017 4325 iohannis
1028 4273 1101 4325 Huss
1112 4273 1270 4339 deputatas,

46 4369 83 4407 ac
94 4354 181 4406 etiam
192 4354 228 4406 ad
240 4353 405 4422 instantiam
417 4355 447 4406 et
462 4354 629 4419 petitionem
640 4356 792 4407 reuerendi
803 4355 893 4421 patris
904 4355 1011 4406 domini
1029 4355 1153 4422 episcopi
1163 4355 1270 4409 'l'orna-

45 4437 153 4498 censis,
171 4439 257 4501 atque
279 4436 409 4503 magistri
436 4435 517 4488 Petri
542 4436 656 4498 Floure,
675 4450 755 4490 sacre
780 4436 926 4503 theologie
945 4439 1124 4503 prolessoris,
1142 4437 1268 4492 heretice

43 4519 387 4589 prauitatisinquisitoris
398 4518 428 4572 in
439 4519 586 4588 prouincia
597 4520 733 4576 Remensi
746 4533 779 4575 ac
788 4521 904 4576 ciuitate
916 4522 946 4574 et
965 4520 1072 4574 diocesi
1084 4521 1274 4590 lomacensi,-
