3188 5340
527 543 631 599 ANNO
650 544 724 609 1298,
743 545 805 598 1307
1244 549 1275 604 51

94 716 264 803 inquisitam
282 736 322 783 en
335 716 399 782 han
418 720 451 782 te
462 712 580 798 helpen
597 711 640 802 bij
658 713 717 780 hat
731 711 907 799 opaoakan,
933 713 1128 782 aanhoudan
1143 737 1184 784 an
1201 718 1278 785 kar·

93 818 164 886 lasau
178 819 233 887 dar
247 819 376 887 kettena
391 838 433 886 an
449 818 582 884 bunnar
598 815 838 903 begunatigars.
853 814 901 903 Op
916 814 1010 884 baval
1025 816 1279 908 darkarlselijlsa

90 921 262 991 snbtanoran
274 921 482 1000 voornoamd,
492 924 621 987 moatan
638 919 680 1008 aij
694 921 734 986 da
745 920 873 987 kattars
888 920 1021 988 uuerde
1035 922 1115 989 door
1127 922 1277 1011 bisschop

89 1022 300 1113 aiiuquiaitaur
314 1023 516 1111 aangeduida
528 1024 645 1110 plasta,
665 1043 757 1090 maur
771 1021 892 1091 binnan
909 1025 977 1092 hun
1001 1026 1094 1112 sigen
1113 1027 1279 1114 raohtsga·

88 1124 136 1195 lust
151 1129 302 1215 brangen,
328 1147 424 1195 waar
446 1127 487 1215 zij
513 1126 593 1194 door
615 1126 880 1212 raohtgaloovige
902 1147 1064 1214 parsonau
1086 1129 1121 1196 in
1145 1138 1280 1219 strange

86 1226 224 1320 bavuhng
247 1237 376 1313 moetan
393 1229 565 1317 gabundan
588 1228 736 1308 worden,
767 1228 874 1296 totdat
898 1230 965 1297 hun
991 1232 1108 1299 vonnis
1138 1234 1219 1302 door
1239 1237 1280 1303 da

83 1335 246 1423 guastalijlsa
273 1334 430 1401 overheid
451 1331 686 1420 uitgaspraluan
710 1331 833 1399 worda.
863 1333 952 1401 Voor
974 1335 1014 1403 da
1038 1336 1280 1427 onmiddellijka

83 1436 239 1525 uituoariug
255 1458 319 1505 van
336 1437 384 1504 dit
407 1437 525 1505 vonnis
553 1441 682 1504 moetan
698 1436 738 1525 aij
764 1455 927 1504 auaneens
954 1457 1087 1525 corgon,
1114 1439 1195 1508 daau
1216 1442 1281 1508 alla

82 1533 172 1627 bcuoap
184 1540 249 1607 deu
262 1539 392 1608 kattars
404 1539 544 1627 ontzegd
557 1539 596 1607 is.

101 1679 251 1747 Philippus,
276 1682 330 1732 etc.
351 1680 498 1733 Universis
519 1681 578 1731 suis
598 1679 730 1731 fidelibus
747 1682 776 1730 in
794 1679 854 1729 toto
873 1692 963 1745 regno
983 1680 1103 1734 Francia
1122 1683 1283 1735 constitutis

77 1761 177 1816 salutem
189 1767 220 1815 et
231 1763 422 1816 dilectionem.

96 1846 127 1898 Ut
138 1847 337 1913 Inquisitionia
349 1847 498 1913 negotium
516 1849 616 1897 contra
635 1845 791 1899 hereticam
810 1849 977 1913 pravitatem
994 1848 1029 1897 ad
1046 1847 1099 1899 Dei
1116 1847 1238 1914 gloriam
1255 1851 1284 1901 et

70 1931 239 1994 augmentum
249 1929 315 1980 tldei
325 1927 431 1981 neutris
444 1928 620 1994 temporibus
629 1933 822 1993 prosperetur,
832 1931 1046 1995 progenitorum
1056 1931 1284 1981 nostrorumvea-

67 2014 133 2079 tigiis
145 2011 321 2074 inherentes,
336 2013 477 2064 universis
488 2012 571 2077 regni
582 2013 672 2062 nostri
682 2011 809 2073 ducibus,
829 2013 988 2071 comitibus,
1005 2010 1158 2063 baronibus
1175 2026 1284 2065 necnon

63 2093 416 2156 etuniveraiasenescallis,
435 2093 568 2155 baillivis,
585 2094 739 2158 prepositis
756 2095 916 2157 ceterisque
931 2093 1094 2158 justitiariis
1109 2094 1284 2160 injungimus

60 2179 84 2226 at
94 2176 271 2235 mandamus,
283 2176 316 2225 ut
326 2174 401 2224 sicut
418 2173 548 2238 reputari
565 2173 684 2237 cupiunt
703 2175 731 2224 et
748 2172 847 2225 haberi
870 2172 977 2236 udaias,
995 2176 1037 2227 ita
1054 2190 1106 2242 pro
1118 2177 1283 2229 defensione

60 2259 123 2310 tidei
134 2257 296 2309 diocesanis
309 2254 450 2321 episcopis
463 2257 491 2306 at
504 2255 721 2320 inquisitoribus
734 2254 861 2307 heretice
869 2257 1017 2320 pravitatis
1026 2259 1118 2314 asede
1130 2258 1285 2324 apostolica

58 2342 199 2408 deputatis
219 2340 268 2391 aut
288 2340 318 2389 in
340 2339 486 2403 posterum
511 2337 679 2402 deputandis
696 2339 816 2402 pareant
828 2339 856 2389 at
875 2340 1024 2391 intendant
1035 2341 1065 2392 in
1082 2340 1283 2403 hereticorum,

57 2419 246 2481 credentium,
259 2418 413 2477 lautorum,
427 2418 638 2481 receptatorum
661 2417 691 2468 et
713 2416 894 2467 delensorum
912 2419 1038 2483 ipsorum
1055 2419 1283 2486 investigatione,

56 2503 189 2568 captione
206 2512 240 2551 ac
259 2499 390 2550 custodia
411 2497 552 2563 diligenti,
567 2512 633 2550 cum
644 2499 726 2549 abiis
736 2499 845 2550 luerint
857 2501 996 2564 requisiti.
1009 2504 1040 2552 ut
1052 2502 1177 2566 prelatas
1189 2514 1283 2567 perso-

56 2600 107 2637 nas
135 2584 289 2650 pestiferas
318 2582 348 2633 in
377 2583 548 2646 potestatem
568 2594 617 2633 sau
637 2594 781 2632 carcerem
801 2583 998 2647 episcoporum
1026 2597 1058 2635 ac
1084 2584 1285 2649 inquisitorum

55 2667 252 2733 predictorum
274 2663 320 2716 vel
338 2666 373 2716 ad
398 2663 502 2725 locum,
516 2664 551 2714 de
567 2677 624 2727 quo
637 2664 691 2727 ipsi
704 2663 747 2715 vel
768 2663 856 2728 aliqui
873 2678 909 2715 ex
929 2666 970 2716 ais
988 2667 1191 2727 mandaverint,
1210 2667 1285 2720 inira

56 2752 152 2801 manen
170 2747 332 2799 districtum
350 2745 439 2809 illins,
459 2747 508 2810 qui
525 2759 611 2810 super
628 2744 683 2795 hoc
706 2747 879 2810 requiretur,
899 2747 1002 2798 ducant
1022 2746 1067 2798 vel
1087 2749 1152 2799 duci
1180 2750 1286 2800 iaciant

56 2834 121 2883 sine
131 2843 222 2890 mora,
234 2827 284 2879 ubi
301 2841 354 2892 par
366 2828 442 2878 viros
455 2825 639 2878 catholicosa
656 2827 776 2891 pretatis
790 2828 930 2893 episcopis
944 2842 993 2881 seu
1006 2830 1222 2894 inquisitoribus
1239 2831 1283 2883 vel

56 2925 159 2964 sorum
175 2909 273 2974 aliquo
284 2909 427 2974 deputatis
444 2909 572 2961 subsuta
585 2911 614 2959 et
631 2907 764 2974 diligenti
777 2909 904 2960 custodia
915 2911 1074 2972 teneantur,
1085 2912 1175 2964 donec
1186 2926 1285 2964 eorum

58 2994 209 3060 negotium
233 3005 284 3057 per
310 2990 430 3043 ecclesie
453 2990 592 3054 iudicium
609 2990 788 3052 terminatur,
809 2993 896 3055 utque
911 2992 946 3043 de
971 2992 1064 3045 heresi
1093 3008 1111 3046 a
1134 2996 1285 3048 diocesano

57 3080 196 3144 episcopo
211 3075 255 3127 val
279 3075 449 3140 inquisitore
464 3086 514 3124 sau
534 3072 750 3137 inquisitoribus
766 3073 985 3138 condempnatos
997 3077 1050 3126 sibi
1063 3076 1178 3128 relictos
1190 3078 1286 3128 statim

58 3160 202 3225 recipiant
215 3157 333 3210 indilate
346 3155 592 3208 animadversione
610 3154 706 3206 debita
722 3157 887 3219 puniendos,
901 3158 1145 3210 nonobstantibus
1162 3157 1285 3224 appella·

55 3243 187 3295 tionibus
212 3254 263 3292 seu
288 3237 562 3304 proclamationibus
587 3237 781 3301 predictorum
807 3239 932 3302 nequitie
958 3238 1092 3305 illiorum,
1112 3255 1176 3292 cum
1203 3254 1286 3292 omna

57 3323 262 3391 appellationis
274 3326 302 3373 at
314 3318 546 3386 proclamationis
559 3320 727 3370 beneficium
746 3334 878 3384 expressa
896 3321 934 3371 sit
951 3320 1084 3373 hereticis
1102 3326 1131 3375 at
1148 3324 1286 3376 credenti·

58 3410 112 3460 bus
122 3421 157 3458 ac
166 3419 265 3457 eorum
275 3401 507 3468 receptatoribus,
521 3403 680 3453 fautoribus
689 3405 718 3453 at
729 3402 925 3454 defensoribus
936 3405 1127 3458 interdictum.

91 3491 199 3541 Datum
217 3500 291 3538 anno
309 3485 425 3537 Domini
438 3481 590 3533 millasimo
611 3483 804 3534 ducentesimo
822 3477 1004 3550 nonagesimo
1022 3489 1130 3548 octavo,
1143 3488 1288 3539 inoctavis

57 3571 227 3626 Nativitatis
245 3569 327 3621 beate
344 3567 436 3619 hiarie
458 3564 596 3631 Virginis,
622 3566 800 3629 presentibus
820 3567 855 3618 ad
875 3566 929 3618 boc
946 3567 1157 3635 archiepiscopo
1181 3571 1289 3624 Narbo·

56 3655 155 3714 nauel,
168 3650 412 3713 Altissiodorensi‚
424 3647 633 3700 constantiensi
646 3649 675 3698 et
683 3647 898 3700 carcassonensi
910 3650 1058 3715 episcopis.

329 3755 530 3810 Ordannonccs
547 3753 674 3807 dasItots
694 3753 728 3806 ae
747 3755 1184 3825 uuancuuce11uiaaao3313
1208 3760 1290 3825 Olim,

358 3838 423 3890 deal
437 3838 476 3900 II,
486 3837 537 3890 iol.
552 3837 607 3887 suo.
622 3838 706 3901 Bijna
718 3838 854 3903 latterlijk
867 3853 1074 3906 overgenomen
1086 3842 1185 3894 uithet
1196 3843 1292 3897 haold-

362 3922 429 3972 stuls
440 3921 482 3983 18,
494 3919 535 3972 Da
547 3918 701 3982 haereticis,
713 3922 743 3970 in
753 3928 830 3972 senta
842 3935 894 3973 van
905 3923 1068 3975 Bouiiacius
1077 3924 1144 3978 VIII
1158 3926 1179 3977 's
1191 3927 1292 3981 Dacre·

355 4002 441 4054 talen.

571 4175 620 4242 aa
647 4166 798 4269 (uuiti).

114 4375 214 4469 1307,
241 4371 360 4439 Macra
389 4370 442 4445 26,
475 4367 606 4437 Matuta.
635 4367 730 4436 Briat‘
754 4387 818 4434 van
851 4366 913 4434 dan
943 4369 1132 4437 Frauschcn
1171 4371 1295 4459 koning

62 4477 204 4566 Philips
231 4474 278 4540 lV
301 4473 363 4540 deu
392 4471 539 4540 Schoone
564 4491 630 4538 aan
648 4469 816 4538 Robracht
840 4488 903 4538 vau
936 4472 1097 4548 Belhuue,
1117 4475 1215 4561 grani
1232 4496 1295 4542 van

60 4579 303 4658 Vlaandareu,
321 4597 401 4644 ovar
416 4576 456 4643 da
471 4575 648 4661 uituoaiing
661 4595 723 4643 vau
740 4575 780 4641 de
796 4574 874 4643 orda
890 4574 949 4641 dar
963 4577 1231 4663 usmpslridders.
1251 4619 1296 4637 -
