<?xml version="1.0" encoding="UTF-8"?>
<!DOCTYPE html PUBLIC "-//W3C//DTD XHTML 1.0 Transitional//EN"
    "http://www.w3.org/TR/xhtml1/DTD/xhtml1-transitional.dtd">
<html xmlns="http://www.w3.org/1999/xhtml" xml:lang="en" lang="en">
 <head>
  <title>
</title>
<meta http-equiv="Content-Type" content="text/html;charset=utf-8" />
  <meta name='ocr-system' content='tesseract 3.04.00' />
  <meta name='ocr-capabilities' content='ocr_page ocr_carea ocr_par ocr_line ocrx_word'/>
</head>
<body>
  <div class='ocr_page' id='page_1' title='image "./corpusdocumento00frgoog_0188.png"; bbox 0 0 3256 5324; ppageno 0'>
   <div class='ocr_carea' id='block_1_1' title="bbox 649 479 1358 540">
    <p class='ocr_par' dir='ltr' id='par_1_1' title="bbox 649 479 1358 540">
     <span class='ocr_line' id='line_1_1' title="bbox 649 479 1358 540; baseline -0.027 1"><span class='ocrx_word' id='word_1_1' title='bbox 649 484 753 540; x_wconf 80' lang='lat' dir='ltr'>ANNO</span> <span class='ocrx_word' id='word_1_2' title='bbox 772 479 837 536; x_wconf 71' lang='lat' dir='ltr'>laet</span> <span class='ocrx_word' id='word_1_3' title='bbox 1310 485 1358 538; x_wconf 73' lang='lat'>157</span> 
     </span>
    </p>
   </div>
   <div class='ocr_carea' id='block_1_2' title="bbox 10 648 1470 4351">
    <p class='ocr_par' dir='ltr' id='par_1_2' title="bbox 10 648 1470 4351">
     <span class='ocr_line' id='line_1_2' title="bbox 118 648 1355 719; baseline -0.002 -11"><span class='ocrx_word' id='word_1_4' title='bbox 118 650 239 708; x_wconf 76' lang='lat' dir='ltr'>Christo</span> <span class='ocrx_word' id='word_1_5' title='bbox 258 651 348 718; x_wconf 80' lang='lat' dir='ltr'>putria</span> <span class='ocrx_word' id='word_1_6' title='bbox 367 663 402 704; x_wconf 88' lang='lat' dir='ltr'>ac</span> <span class='ocrx_word' id='word_1_7' title='bbox 420 649 529 704; x_wconf 89' lang='lat' dir='ltr'>domini</span> <span class='ocrx_word' id='word_1_8' title='bbox 548 650 639 703; x_wconf 86' lang='lat' dir='ltr'>nostri</span> <span class='ocrx_word' id='word_1_9' title='bbox 658 650 768 703; x_wconf 89' lang='lat' dir='ltr'>domini</span> <span class='ocrx_word' id='word_1_10' title='bbox 787 648 926 702; x_wconf 70' lang='lat' dir='ltr'>Boaiiadi</span> <span class='ocrx_word' id='word_1_11' title='bbox 946 648 1042 703; x_wconf 77' lang='lat' dir='ltr'>dimas</span> <span class='ocrx_word' id='word_1_12' title='bbox 1066 648 1245 716; x_wconf 81' lang='lat' dir='ltr'>providentia</span> <span class='ocrx_word' id='word_1_13' title='bbox 1263 663 1355 719; x_wconf 91' lang='lat' dir='ltr'>papae</span> 
     </span>
     <span class='ocr_line' id='line_1_3' title="bbox 119 730 1357 799; baseline -0.004 -9"><span class='ocrx_word' id='word_1_14' title='bbox 119 733 194 790; x_wconf 89' lang='lat' dir='ltr'>noni</span> <span class='ocrx_word' id='word_1_15' title='bbox 211 745 287 786; x_wconf 81' lang='lat' dir='ltr'>anuo</span> <span class='ocrx_word' id='word_1_16' title='bbox 303 734 397 797; x_wconf 85' lang='lat' dir='ltr'>sexto,</span> <span class='ocrx_word' id='word_1_17' title='bbox 414 733 445 785; x_wconf 91' lang='lat' dir='ltr'>in</span> <span class='ocrx_word' id='word_1_18' title='bbox 461 733 519 786; x_wconf 90' lang='lat' dir='ltr'>mei</span> <span class='ocrx_word' id='word_1_19' title='bbox 536 733 642 785; x_wconf 87' lang='lat' dir='ltr'>notarii</span> <span class='ocrx_word' id='word_1_20' title='bbox 659 732 799 799; x_wconf 82' lang='lat' dir='ltr'><strong>publici...</strong></span> <span class='ocrx_word' id='word_1_21' title='bbox 818 731 982 798; x_wconf 88' lang='lat' dir='ltr'>praesentia</span> <span class='ocrx_word' id='word_1_22' title='bbox 1000 730 1190 797; x_wconf 76' lang='lat' dir='ltr'><strong>personaliter</strong></span> <span class='ocrx_word' id='word_1_23' title='bbox 1210 733 1357 785; x_wconf 87' lang='lat' dir='ltr'>constituti</span> 
     </span>
     <span class='ocr_line' id='line_1_4' title="bbox 122 803 1358 882; baseline -0.002 -11"><span class='ocrx_word' id='word_1_24' title='bbox 122 815 260 882; x_wconf 81' lang='lat' dir='ltr'>religiosi</span> <span class='ocrx_word' id='word_1_25' title='bbox 267 815 323 868; x_wconf 80' lang='lat' dir='ltr'>viri</span> <span class='ocrx_word' id='word_1_26' title='bbox 331 816 453 882; x_wconf 86' lang='lat' dir='ltr'>priores,</span> <span class='ocrx_word' id='word_1_27' title='bbox 462 816 596 882; x_wconf 79' lang='lat' dir='ltr'>subprior</span> <span class='ocrx_word' id='word_1_28' title='bbox 608 816 638 867; x_wconf 88' lang='lat' dir='ltr'>et</span> <span class='ocrx_word' id='word_1_29' title='bbox 648 814 811 878; x_wconf 86' lang='lat' dir='ltr'>canonicus,</span> <span class='ocrx_word' id='word_1_30' title='bbox 821 814 852 867; x_wconf 88' lang='lat' dir='ltr'>&#39;m</span> <span class='ocrx_word' id='word_1_31' title='bbox 863 812 965 866; x_wconf 88' lang='lat' dir='ltr'>cedula</span> <span class='ocrx_word' id='word_1_32' title='bbox 976 803 1042 865; x_wconf 78' lang='lat' dir='ltr'>hui&#39;o</span> <span class='ocrx_word' id='word_1_33' title='bbox 1051 814 1240 866; x_wconf 89' lang='lat' dir='ltr'>instrumento</span> <span class='ocrx_word' id='word_1_34' title='bbox 1249 815 1358 868; x_wconf 90' lang='lat' dir='ltr'>inserta</span> 
     </span>
     <span class='ocr_line' id='line_1_5' title="bbox 10 896 1357 968; baseline -0.001 -18"><span class='ocrx_word' id='word_1_35' title='bbox 10 950 16 968; x_wconf 75' lang='lat'>‚</span> <span class='ocrx_word' id='word_1_36' title='bbox 124 911 192 956; x_wconf 74' lang='lat' dir='ltr'>eam</span> <span class='ocrx_word' id='word_1_37' title='bbox 215 899 277 950; x_wconf 84' lang='lat' dir='ltr'>suis</span> <span class='ocrx_word' id='word_1_38' title='bbox 298 897 392 950; x_wconf 87' lang='lat' dir='ltr'>titulis</span> <span class='ocrx_word' id='word_1_39' title='bbox 413 899 563 962; x_wconf 86' lang='lat' dir='ltr'>nominati,</span> <span class='ocrx_word' id='word_1_40' title='bbox 586 898 736 966; x_wconf 88' lang='lat' dir='ltr'>protestati</span> <span class='ocrx_word' id='word_1_41' title='bbox 759 898 834 960; x_wconf 91' lang='lat' dir='ltr'>aunt,</span> <span class='ocrx_word' id='word_1_42' title='bbox 859 898 892 956; x_wconf 90' lang='lat' dir='ltr'>ut</span> <span class='ocrx_word' id='word_1_43' title='bbox 913 896 944 948; x_wconf 91' lang='lat' dir='ltr'>iu</span> <span class='ocrx_word' id='word_1_44' title='bbox 966 896 1065 950; x_wconf 89' lang='lat' dir='ltr'>eadem</span> <span class='ocrx_word' id='word_1_45' title='bbox 1087 896 1188 950; x_wconf 91' lang='lat' dir='ltr'>cedula</span> <span class='ocrx_word' id='word_1_46' title='bbox 1207 897 1237 949; x_wconf 90' lang='lat' dir='ltr'>ia</span> <span class='ocrx_word' id='word_1_47' title='bbox 1256 898 1357 964; x_wconf 85' lang='lat' dir='ltr'>papiro</span> 
     </span>
     <span class='ocr_line' id='line_1_6' title="bbox 123 980 1360 1049; baseline -0.005 -12"><span class='ocrx_word' id='word_1_48' title='bbox 123 981 292 1046; x_wconf 87' lang='lat' dir='ltr'>conscripta</span> <span class='ocrx_word' id='word_1_49' title='bbox 307 994 360 1047; x_wconf 89' lang='lat' dir='ltr'>per</span> <span class='ocrx_word' id='word_1_50' title='bbox 375 981 452 1048; x_wconf 92' lang='lat' dir='ltr'>ipsos</span> <span class='ocrx_word' id='word_1_51' title='bbox 469 983 505 1035; x_wconf 93' lang='lat' dir='ltr'>ad</span> <span class='ocrx_word' id='word_1_52' title='bbox 521 981 676 1049; x_wconf 90' lang='lat' dir='ltr'>legendum</span> <span class='ocrx_word' id='word_1_53' title='bbox 692 980 763 1033; x_wconf 87' lang='lat' dir='ltr'>mihi</span> <span class='ocrx_word' id='word_1_54' title='bbox 782 980 897 1043; x_wconf 87' lang='lat' dir='ltr'>tradita,</span> <span class='ocrx_word' id='word_1_55' title='bbox 916 992 1001 1044; x_wconf 90' lang='lat' dir='ltr'>quam</span> <span class='ocrx_word' id='word_1_56' title='bbox 1020 981 1107 1032; x_wconf 87' lang='lat' dir='ltr'>etiam</span> <span class='ocrx_word' id='word_1_57' title='bbox 1127 993 1223 1032; x_wconf 85' lang='lat' dir='ltr'>coram</span> <span class='ocrx_word' id='word_1_58' title='bbox 1242 981 1312 1045; x_wconf 87' lang='lat' dir='ltr'>ipsis</span> <span class='ocrx_word' id='word_1_59' title='bbox 1329 980 1360 1033; x_wconf 91' lang='lat' dir='ltr'>et</span> 
     </span>
     <span class='ocr_line' id='line_1_7' title="bbox 122 1059 1251 1126; baseline -0.004 -11"><span class='ocrx_word' id='word_1_60' title='bbox 122 1060 321 1126; x_wconf 74' lang='lat' dir='ltr'>innasci-ipris</span> <span class='ocrx_word' id='word_1_61' title='bbox 332 1061 452 1112; x_wconf 85' lang='lat' dir='ltr'>testibus</span> <span class='ocrx_word' id='word_1_62' title='bbox 469 1060 584 1126; x_wconf 90' lang='lat' dir='ltr'>publice</span> <span class='ocrx_word' id='word_1_63' title='bbox 595 1061 723 1123; x_wconf 84' lang='lat' dir='ltr'>recitavi,</span> <span class='ocrx_word' id='word_1_64' title='bbox 737 1074 851 1112; x_wconf 89' lang='lat' dir='ltr'>sensum</span> <span class='ocrx_word' id='word_1_65' title='bbox 863 1059 1026 1126; x_wconf 85' lang='lat' dir='ltr'>hujusmodi</span> <span class='ocrx_word' id='word_1_66' title='bbox 1039 1059 1230 1111; x_wconf 88' lang='lat' dir='ltr'>continentem</span> <span class='ocrx_word' id='word_1_67' title='bbox 1244 1072 1251 1110; x_wconf 90' lang='lat'>:</span> 
     </span>
     <span class='ocr_line' id='line_1_8' title="bbox 152 1138 1359 1205; baseline 0.001 -12"><span class='ocrx_word' id='word_1_68' title='bbox 152 1138 220 1193; x_wconf 86' lang='lat' dir='ltr'>Nos</span> <span class='ocrx_word' id='word_1_69' title='bbox 243 1142 336 1194; x_wconf 83' lang='lat' dir='ltr'>irater</span> <span class='ocrx_word' id='word_1_70' title='bbox 356 1141 503 1194; x_wconf 75' lang='lat' dir='ltr'>lohannes</span> <span class='ocrx_word' id='word_1_71' title='bbox 526 1141 651 1195; x_wconf 85' lang='lat' dir='ltr'>(ioswini</span> <span class='ocrx_word' id='word_1_72' title='bbox 673 1141 739 1205; x_wconf 91' lang='lat' dir='ltr'>Vos,</span> <span class='ocrx_word' id='word_1_73' title='bbox 762 1142 864 1194; x_wconf 85' lang='lat' dir='ltr'>beatae</span> <span class='ocrx_word' id='word_1_74' title='bbox 888 1141 996 1194; x_wconf 84' lang='lat' dir='ltr'>Mariae</span> <span class='ocrx_word' id='word_1_75' title='bbox 1017 1141 1049 1192; x_wconf 92' lang='lat' dir='ltr'>in</span> <span class='ocrx_word' id='word_1_76' title='bbox 1071 1139 1247 1203; x_wconf 88' lang='lat' dir='ltr'>Windesem,</span> <span class='ocrx_word' id='word_1_77' title='bbox 1269 1141 1359 1194; x_wconf 85' lang='lat' dir='ltr'>irater</span> 
     </span>
     <span class='ocr_line' id='line_1_9' title="bbox 10 1220 1359 1291; baseline 0 -15"><span class='ocrx_word' id='word_1_78' title='bbox 10 1252 41 1286; x_wconf 29' lang='lat' dir='ltr'>s,</span> <span class='ocrx_word' id='word_1_79' title='bbox 116 1220 276 1282; x_wconf 75' lang='lat' dir='ltr'>,Iohannes</span> <span class='ocrx_word' id='word_1_80' title='bbox 288 1224 464 1287; x_wconf 82' lang='lat' dir='ltr'>Hamerken,</span> <span class='ocrx_word' id='word_1_81' title='bbox 483 1225 582 1277; x_wconf 81' lang='lat' dir='ltr'><strong>Fontis</strong></span> <span class='ocrx_word' id='word_1_82' title='bbox 599 1225 699 1278; x_wconf 81' lang='lat' dir='ltr'>beatae</span> <span class='ocrx_word' id='word_1_83' title='bbox 719 1224 827 1277; x_wconf 82' lang='lat' dir='ltr'>Mariae</span> <span class='ocrx_word' id='word_1_84' title='bbox 844 1238 932 1291; x_wconf 85' lang='lat' dir='ltr'>prope</span> <span class='ocrx_word' id='word_1_85' title='bbox 948 1223 1085 1288; x_wconf 83' lang='lat' dir='ltr'>Arnhem,</span> <span class='ocrx_word' id='word_1_86' title='bbox 1098 1225 1188 1277; x_wconf 84' lang='lat' dir='ltr'>irater</span> <span class='ocrx_word' id='word_1_87' title='bbox 1202 1224 1359 1277; x_wconf 80' lang='lat' dir='ltr'>wernerus</span> 
     </span>
     <span class='ocr_line' id='line_1_10' title="bbox 113 1304 1360 1376; baseline 0.002 -18"><span class='ocrx_word' id='word_1_88' title='bbox 113 1304 310 1376; x_wconf 77' lang='lat' dir='ltr'>Kyenhamp,</span> <span class='ocrx_word' id='word_1_89' title='bbox 332 1307 433 1361; x_wconf 88' lang='lat' dir='ltr'>beatae</span> <span class='ocrx_word' id='word_1_90' title='bbox 453 1307 564 1361; x_wconf 82' lang='lat' dir='ltr'>Mariae</span> <span class='ocrx_word' id='word_1_91' title='bbox 583 1307 682 1360; x_wconf 86' lang='lat' dir='ltr'>Novae</span> <span class='ocrx_word' id='word_1_92' title='bbox 703 1306 787 1359; x_wconf 90' lang='lat' dir='ltr'>Lucis</span> <span class='ocrx_word' id='word_1_93' title='bbox 809 1321 915 1375; x_wconf 90' lang='lat' dir='ltr'>propre</span> <span class='ocrx_word' id='word_1_94' title='bbox 937 1308 1053 1361; x_wconf 82' lang='lat' dir='ltr'>Hoerne</span> <span class='ocrx_word' id='word_1_95' title='bbox 1074 1308 1195 1375; x_wconf 79' lang='lat' dir='ltr'>priores,</span> <span class='ocrx_word' id='word_1_96' title='bbox 1218 1309 1249 1360; x_wconf 87' lang='lat' dir='ltr'>et</span> <span class='ocrx_word' id='word_1_97' title='bbox 1269 1309 1360 1360; x_wconf 85' lang='lat' dir='ltr'>irater</span> 
     </span>
     <span class='ocr_line' id='line_1_11' title="bbox 10 1380 1360 1456; baseline 0 -13"><span class='ocrx_word' id='word_1_98' title='bbox 10 1380 29 1437; x_wconf 64' lang='lat' dir='ltr'>st</span> <span class='ocrx_word' id='word_1_99' title='bbox 110 1389 273 1452; x_wconf 67' lang='lat' dir='ltr'>acaricus</span> <span class='ocrx_word' id='word_1_100' title='bbox 300 1388 409 1453; x_wconf 82' lang='lat' dir='ltr'>wilde,</span> <span class='ocrx_word' id='word_1_101' title='bbox 427 1390 561 1456; x_wconf 79' lang='lat' dir='ltr'>subprior</span> <span class='ocrx_word' id='word_1_102' title='bbox 591 1390 692 1444; x_wconf 86' lang='lat' dir='ltr'>beatae</span> <span class='ocrx_word' id='word_1_103' title='bbox 724 1390 832 1443; x_wconf 84' lang='lat' dir='ltr'>Mariae</span> <span class='ocrx_word' id='word_1_104' title='bbox 860 1391 891 1443; x_wconf 91' lang='lat' dir='ltr'>in</span> <span class='ocrx_word' id='word_1_105' title='bbox 917 1389 1093 1454; x_wconf 88' lang='lat' dir='ltr'>Windesem,</span> <span class='ocrx_word' id='word_1_106' title='bbox 1122 1391 1360 1444; x_wconf 74' lang='lat' dir='ltr'>monasteriorum</span> 
     </span>
     <span class='ocr_line' id='line_1_12' title="bbox 10 1469 1360 1540; baseline 0.002 -17"><span class='ocrx_word' id='word_1_107' title='bbox 10 1478 13 1491; x_wconf 62' lang='lat'>⁸</span> <span class='ocrx_word' id='word_1_108' title='bbox 106 1471 333 1534; x_wconf 65' lang='lat' dir='ltr'>canonicorum</span> <span class='ocrx_word' id='word_1_109' title='bbox 358 1469 547 1540; x_wconf 78' lang='lat' dir='ltr'>regularium,</span> <span class='ocrx_word' id='word_1_110' title='bbox 573 1472 603 1525; x_wconf 88' lang='lat' dir='ltr'>et</span> <span class='ocrx_word' id='word_1_111' title='bbox 627 1473 719 1526; x_wconf 86' lang='lat' dir='ltr'>irater</span> <span class='ocrx_word' id='word_1_112' title='bbox 743 1472 891 1526; x_wconf 79' lang='lat' dir='ltr'>Goswinus</span> <span class='ocrx_word' id='word_1_113' title='bbox 916 1471 1037 1538; x_wconf 81' lang='lat' dir='ltr'>Tyasen,</span> <span class='ocrx_word' id='word_1_114' title='bbox 1065 1473 1231 1526; x_wconf 91' lang='lat' dir='ltr'>monasterii</span> <span class='ocrx_word' id='word_1_115' title='bbox 1258 1473 1360 1526; x_wconf 89' lang='lat' dir='ltr'>beatae</span> 
     </span>
     <span class='ocr_line' id='line_1_13' title="bbox 102 1554 1360 1625; baseline 0.002 -17"><span class='ocrx_word' id='word_1_116' title='bbox 102 1554 455 1616; x_wconf 71' lang='lat' dir='ltr'>Mamaeiawlndesem</span> <span class='ocrx_word' id='word_1_117' title='bbox 464 1554 897 1623; x_wconf 84' lang='lat' dir='ltr'>canonicusregularis,ordiais</span> <span class='ocrx_word' id='word_1_118' title='bbox 906 1557 1360 1625; x_wconf 81' lang='lat' dir='ltr'>sanotiAugustini,Trajeotensis</span> 
     </span>
     <span class='ocr_line' id='line_1_14' title="bbox 96 1638 1359 1707; baseline 0.003 -17"><span class='ocrx_word' id='word_1_119' title='bbox 96 1639 279 1702; x_wconf 75' lang='lat' dir='ltr'>dioecesis,</span> <span class='ocrx_word' id='word_1_120' title='bbox 291 1652 389 1692; x_wconf 78' lang='lat' dir='ltr'>coram</span> <span class='ocrx_word' id='word_1_121' title='bbox 400 1639 483 1692; x_wconf 87' lang='lat' dir='ltr'>uobis</span> <span class='ocrx_word' id='word_1_122' title='bbox 494 1638 653 1693; x_wconf 87' lang='lat' dir='ltr'>Wilhalmo</span> <span class='ocrx_word' id='word_1_123' title='bbox 665 1638 792 1702; x_wconf 87' lang='lat' dir='ltr'>Henrici,</span> <span class='ocrx_word' id='word_1_124' title='bbox 812 1640 924 1692; x_wconf 92' lang='lat' dir='ltr'>notario</span> <span class='ocrx_word' id='word_1_125' title='bbox 936 1639 1059 1707; x_wconf 91' lang='lat' dir='ltr'>publico,</span> <span class='ocrx_word' id='word_1_126' title='bbox 1072 1641 1102 1692; x_wconf 91' lang='lat' dir='ltr'>et</span> <span class='ocrx_word' id='word_1_127' title='bbox 1110 1639 1234 1693; x_wconf 86' lang='lat' dir='ltr'>Hearico</span> <span class='ocrx_word' id='word_1_128' title='bbox 1246 1640 1359 1703; x_wconf 83' lang='lat' dir='ltr'>Marde,</span> 
     </span>
     <span class='ocr_line' id='line_1_15' title="bbox 89 1718 1360 1789; baseline 0.002 -15"><span class='ocrx_word' id='word_1_129' title='bbox 89 1718 261 1782; x_wconf 76' lang='lat' dir='ltr'>Johaane</span> <span class='ocrx_word' id='word_1_130' title='bbox 272 1719 400 1774; x_wconf 80' lang='lat' dir='ltr'>Seuthen</span> <span class='ocrx_word' id='word_1_131' title='bbox 411 1723 441 1774; x_wconf 92' lang='lat' dir='ltr'>et</span> <span class='ocrx_word' id='word_1_132' title='bbox 452 1722 597 1789; x_wconf 81' lang='lat' dir='ltr'>Stephano</span> <span class='ocrx_word' id='word_1_133' title='bbox 610 1719 728 1787; x_wconf 85' lang='lat' dir='ltr'>Mulert‚</span> <span class='ocrx_word' id='word_1_134' title='bbox 740 1721 864 1786; x_wconf 81' lang='lat' dir='ltr'>clericis,</span> <span class='ocrx_word' id='word_1_135' title='bbox 884 1722 1005 1775; x_wconf 85' lang='lat' dir='ltr'>testibus</span> <span class='ocrx_word' id='word_1_136' title='bbox 1021 1723 1228 1787; x_wconf 85' lang='lat' dir='ltr'>praesentibus,</span> <span class='ocrx_word' id='word_1_137' title='bbox 1245 1722 1360 1789; x_wconf 90' lang='lat' dir='ltr'>publice</span> 
     </span>
     <span class='ocr_line' id='line_1_16' title="bbox 83 1803 1360 1877; baseline 0 -19"><span class='ocrx_word' id='word_1_138' title='bbox 83 1803 320 1877; x_wconf 81' lang='lat' dir='ltr'>protestamus</span> <span class='ocrx_word' id='word_1_139' title='bbox 344 1804 375 1857; x_wconf 94' lang='lat' dir='ltr'>et</span> <span class='ocrx_word' id='word_1_140' title='bbox 390 1804 531 1857; x_wconf 84' lang='lat' dir='ltr'>universis</span> <span class='ocrx_word' id='word_1_141' title='bbox 548 1805 678 1872; x_wconf 89' lang='lat' dir='ltr'>cupimus</span> <span class='ocrx_word' id='word_1_142' title='bbox 695 1817 757 1858; x_wconf 86' lang='lat' dir='ltr'>esse</span> <span class='ocrx_word' id='word_1_143' title='bbox 774 1807 883 1868; x_wconf 88' lang='lat' dir='ltr'>notum,</span> <span class='ocrx_word' id='word_1_144' title='bbox 902 1804 977 1870; x_wconf 91' lang='lat' dir='ltr'>quod</span> <span class='ocrx_word' id='word_1_145' title='bbox 993 1818 1045 1857; x_wconf 87' lang='lat' dir='ltr'>nos</span> <span class='ocrx_word' id='word_1_146' title='bbox 1062 1805 1268 1857; x_wconf 90' lang='lat' dir='ltr'>emendationis</span> <span class='ocrx_word' id='word_1_147' title='bbox 1284 1806 1360 1858; x_wconf 84' lang='lat' dir='ltr'>vitae</span> 
     </span>
     <span class='ocr_line' id='line_1_17' title="bbox 78 1884 1362 1957; baseline 0.003 -20"><span class='ocrx_word' id='word_1_148' title='bbox 78 1884 225 1957; x_wconf 73' lang='lat' dir='ltr'>gratia</span> <span class='ocrx_word' id='word_1_149' title='bbox 240 1884 341 1939; x_wconf 88' lang='lat' dir='ltr'>multis</span> <span class='ocrx_word' id='word_1_150' title='bbox 357 1887 440 1940; x_wconf 86' lang='lat' dir='ltr'>annis</span> <span class='ocrx_word' id='word_1_151' title='bbox 458 1887 630 1941; x_wconf 75' lang='lat' dir='ltr'>Darentriae</span> <span class='ocrx_word' id='word_1_152' title='bbox 647 1888 808 1941; x_wconf 84' lang='lat' dir='ltr'>conversati</span> <span class='ocrx_word' id='word_1_153' title='bbox 830 1901 927 1941; x_wconf 85' lang='lat' dir='ltr'>sumus</span> <span class='ocrx_word' id='word_1_154' title='bbox 949 1901 1013 1940; x_wconf 92' lang='lat' dir='ltr'>cum</span> <span class='ocrx_word' id='word_1_155' title='bbox 1030 1887 1139 1941; x_wconf 83' lang='lat' dir='ltr'>devotis</span> <span class='ocrx_word' id='word_1_156' title='bbox 1155 1888 1224 1939; x_wconf 87' lang='lat' dir='ltr'>viris</span> <span class='ocrx_word' id='word_1_157' title='bbox 1240 1888 1362 1941; x_wconf 90' lang='lat' dir='ltr'>dominis</span> 
     </span>
     <span class='ocr_line' id='line_1_18' title="bbox 74 1968 1361 2038; baseline -0.001 -15"><span class='ocrx_word' id='word_1_158' title='bbox 74 1968 269 2034; x_wconf 76' lang='lat' dir='ltr'>magistro</span> <span class='ocrx_word' id='word_1_159' title='bbox 289 1968 437 2036; x_wconf 76' lang='lat' dir='ltr'>Florentio</span> <span class='ocrx_word' id='word_1_160' title='bbox 453 1970 616 2034; x_wconf 84' lang='lat' dir='ltr'>Radewini,</span> <span class='ocrx_word' id='word_1_161' title='bbox 635 1972 773 2037; x_wconf 89' lang='lat' dir='ltr'>perpetuo</span> <span class='ocrx_word' id='word_1_162' title='bbox 791 1971 898 2023; x_wconf 83' lang='lat' dir='ltr'>vicario</span> <span class='ocrx_word' id='word_1_163' title='bbox 927 1969 1066 2023; x_wconf 89' lang='lat' dir='ltr'>ecclesiae</span> <span class='ocrx_word' id='word_1_164' title='bbox 1083 1970 1254 2038; x_wconf 89' lang='lat' dir='ltr'>collegiatae</span> <span class='ocrx_word' id='word_1_165' title='bbox 1270 1973 1361 2024; x_wconf 86' lang='lat' dir='ltr'>sancti</span> 
     </span>
     <span class='ocr_line' id='line_1_19' title="bbox 70 2051 1470 2121; baseline 0.001 -16"><span class='ocrx_word' id='word_1_166' title='bbox 70 2051 252 2105; x_wconf 82' lang='lat' dir='ltr'>Lebuini</span> <span class='ocrx_word' id='word_1_167' title='bbox 262 2051 485 2119; x_wconf 75' lang='lat' dir='ltr'>Darentriensis,</span> <span class='ocrx_word' id='word_1_168' title='bbox 499 2053 643 2107; x_wconf 89' lang='lat' dir='ltr'>Lubberto</span> <span class='ocrx_word' id='word_1_169' title='bbox 655 2059 702 2106; x_wconf 87' lang='lat' dir='ltr'>ten</span> <span class='ocrx_word' id='word_1_170' title='bbox 715 2054 852 2120; x_wconf 90' lang='lat' dir='ltr'>Bussche,</span> <span class='ocrx_word' id='word_1_171' title='bbox 864 2054 1040 2120; x_wconf 87' lang='lat' dir='ltr'>presbyteris</span> <span class='ocrx_word' id='word_1_172' title='bbox 1057 2055 1086 2106; x_wconf 93' lang='lat' dir='ltr'>et</span> <span class='ocrx_word' id='word_1_173' title='bbox 1103 2053 1168 2106; x_wconf 90' lang='lat' dir='ltr'>aliis</span> <span class='ocrx_word' id='word_1_174' title='bbox 1184 2055 1360 2121; x_wconf 85' lang='lat' dir='ltr'>presbyteris</span> <span class='ocrx_word' id='word_1_175' title='bbox 1461 2071 1470 2088; x_wconf 89' lang='lat'><strong>·</strong></span> 
     </span>
     <span class='ocr_line' id='line_1_20' title="bbox 67 2132 1360 2203; baseline 0.005 -20"><span class='ocrx_word' id='word_1_176' title='bbox 67 2133 153 2184; x_wconf 78' lang='lat' dir='ltr'>et</span> <span class='ocrx_word' id='word_1_177' title='bbox 178 2132 291 2186; x_wconf 81' lang='lat' dir='ltr'>clericis</span> <span class='ocrx_word' id='word_1_178' title='bbox 301 2137 385 2188; x_wconf 83' lang='lat' dir='ltr'>extra</span> <span class='ocrx_word' id='word_1_179' title='bbox 395 2134 567 2203; x_wconf 80' lang='lat' dir='ltr'>religionem</span> <span class='ocrx_word' id='word_1_180' title='bbox 578 2137 609 2187; x_wconf 92' lang='lat' dir='ltr'>in</span> <span class='ocrx_word' id='word_1_181' title='bbox 629 2135 729 2189; x_wconf 91' lang='lat' dir='ltr'>habitu</span> <span class='ocrx_word' id='word_1_182' title='bbox 747 2135 893 2200; x_wconf 83' lang='lat' dir='ltr'>clericali3</span> <span class='ocrx_word' id='word_1_183' title='bbox 912 2138 952 2198; x_wconf 87' lang='lat' dir='ltr'>et,</span> <span class='ocrx_word' id='word_1_184' title='bbox 969 2137 1120 2201; x_wconf 90' lang='lat' dir='ltr'>postquam</span> <span class='ocrx_word' id='word_1_185' title='bbox 1136 2135 1172 2187; x_wconf 88' lang='lat' dir='ltr'>ad</span> <span class='ocrx_word' id='word_1_186' title='bbox 1189 2135 1360 2203; x_wconf 78' lang='lat' dir='ltr'>religionem</span> 
     </span>
     <span class='ocr_line' id='line_1_21' title="bbox 62 2216 1360 2286; baseline 0.005 -21"><span class='ocrx_word' id='word_1_187' title='bbox 62 2216 268 2283; x_wconf 72' lang='lat' dir='ltr'>assumpti</span> <span class='ocrx_word' id='word_1_188' title='bbox 284 2231 392 2281; x_wconf 89' lang='lat' dir='ltr'>sumus,</span> <span class='ocrx_word' id='word_1_189' title='bbox 410 2219 485 2285; x_wconf 88' lang='lat' dir='ltr'>apud</span> <span class='ocrx_word' id='word_1_190' title='bbox 501 2219 662 2286; x_wconf 90' lang='lat' dir='ltr'>praedictos</span> <span class='ocrx_word' id='word_1_191' title='bbox 678 2219 862 2285; x_wconf 89' lang='lat' dir='ltr'>presbyteros</span> <span class='ocrx_word' id='word_1_192' title='bbox 880 2220 910 2271; x_wconf 92' lang='lat' dir='ltr'>et</span> <span class='ocrx_word' id='word_1_193' title='bbox 927 2217 1047 2271; x_wconf 85' lang='lat' dir='ltr'>clericos</span> <span class='ocrx_word' id='word_1_194' title='bbox 1065 2219 1094 2270; x_wconf 89' lang='lat' dir='ltr'>ct</span> <span class='ocrx_word' id='word_1_195' title='bbox 1115 2217 1188 2270; x_wconf 88' lang='lat' dir='ltr'>alios</span> <span class='ocrx_word' id='word_1_196' title='bbox 1210 2233 1275 2270; x_wconf 90' lang='lat' dir='ltr'>cum</span> <span class='ocrx_word' id='word_1_197' title='bbox 1291 2219 1360 2286; x_wconf 89' lang='lat' dir='ltr'>ipsis</span> 
     </span>
     <span class='ocr_line' id='line_1_22' title="bbox 56 2292 1360 2367; baseline 0.004 -20"><span class='ocrx_word' id='word_1_198' title='bbox 56 2292 246 2349; x_wconf 79' lang='lat' dir='ltr'>iuterim</span> <span class='ocrx_word' id='word_1_199' title='bbox 257 2296 416 2366; x_wconf 76' lang='lat' dir='ltr'>hospitatos</span> <span class='ocrx_word' id='word_1_200' title='bbox 433 2302 600 2366; x_wconf 78' lang='lat' dir='ltr'>frequenter</span> <span class='ocrx_word' id='word_1_201' title='bbox 616 2300 740 2367; x_wconf 90' lang='lat' dir='ltr'>hospitio</span> <span class='ocrx_word' id='word_1_202' title='bbox 758 2301 866 2367; x_wconf 88' lang='lat' dir='ltr'>recepti</span> <span class='ocrx_word' id='word_1_203' title='bbox 882 2314 997 2364; x_wconf 81' lang='lat' dir='ltr'>sumus3</span> <span class='ocrx_word' id='word_1_204' title='bbox 1016 2301 1045 2353; x_wconf 90' lang='lat' dir='ltr'>et</span> <span class='ocrx_word' id='word_1_205' title='bbox 1062 2314 1113 2352; x_wconf 91' lang='lat' dir='ltr'>nos</span> <span class='ocrx_word' id='word_1_206' title='bbox 1130 2300 1185 2367; x_wconf 91' lang='lat' dir='ltr'>ipsi</span> <span class='ocrx_word' id='word_1_207' title='bbox 1202 2313 1252 2353; x_wconf 85' lang='lat' dir='ltr'>seu</span> <span class='ocrx_word' id='word_1_208' title='bbox 1270 2299 1360 2366; x_wconf 80' lang='lat' dir='ltr'>aliqui</span> 
     </span>
     <span class='ocr_line' id='line_1_23' title="bbox 55 2380 1359 2450; baseline 0.005 -20"><span class='ocrx_word' id='word_1_209' title='bbox 55 2384 230 2432; x_wconf 71' lang='lat' dir='ltr'>eorum</span> <span class='ocrx_word' id='word_1_210' title='bbox 237 2380 385 2436; x_wconf 79' lang='lat' dir='ltr'>multoties</span> <span class='ocrx_word' id='word_1_211' title='bbox 395 2383 555 2436; x_wconf 80' lang='lat' dir='ltr'>visitarunt.</span> <span class='ocrx_word' id='word_1_212' title='bbox 568 2383 612 2436; x_wconf 79' lang='lat' dir='ltr'>Ex</span> <span class='ocrx_word' id='word_1_213' title='bbox 624 2383 670 2436; x_wconf 90' lang='lat' dir='ltr'>his</span> <span class='ocrx_word' id='word_1_214' title='bbox 688 2386 810 2437; x_wconf 80' lang='lat' dir='ltr'>etfama</span> <span class='ocrx_word' id='word_1_215' title='bbox 826 2383 1026 2446; x_wconf 86' lang='lat' dir='ltr'>veridicorum,</span> <span class='ocrx_word' id='word_1_216' title='bbox 1044 2395 1117 2448; x_wconf 86' lang='lat' dir='ltr'>quae</span> <span class='ocrx_word' id='word_1_217' title='bbox 1134 2383 1170 2435; x_wconf 90' lang='lat' dir='ltr'>dc</span> <span class='ocrx_word' id='word_1_218' title='bbox 1186 2383 1257 2450; x_wconf 89' lang='lat' dir='ltr'>ipsis</span> <span class='ocrx_word' id='word_1_219' title='bbox 1273 2384 1359 2446; x_wconf 84' lang='lat' dir='ltr'>volat,</span> 
     </span>
     <span class='ocr_line' id='line_1_24' title="bbox 52 2453 1361 2533; baseline 0.002 -19"><span class='ocrx_word' id='word_1_220' title='bbox 52 2453 250 2515; x_wconf 68' lang='lat' dir='ltr'>desum</span> <span class='ocrx_word' id='word_1_221' title='bbox 262 2477 363 2517; x_wconf 90' lang='lat' dir='ltr'>eorum</span> <span class='ocrx_word' id='word_1_222' title='bbox 374 2465 549 2519; x_wconf 82' lang='lat' dir='ltr'>sufficienter</span> <span class='ocrx_word' id='word_1_223' title='bbox 560 2467 653 2519; x_wconf 83' lang='lat' dir='ltr'>edocti</span> <span class='ocrx_word' id='word_1_224' title='bbox 661 2468 691 2519; x_wconf 92' lang='lat' dir='ltr'>et</span> <span class='ocrx_word' id='word_1_225' title='bbox 702 2467 762 2519; x_wconf 78' lang='lat' dir='ltr'>zelo</span> <span class='ocrx_word' id='word_1_226' title='bbox 774 2468 869 2520; x_wconf 85' lang='lat' dir='ltr'>rectae</span> <span class='ocrx_word' id='word_1_227' title='bbox 881 2466 948 2518; x_wconf 82' lang='lat' dir='ltr'>fidei</span> <span class='ocrx_word' id='word_1_228' title='bbox 958 2468 987 2519; x_wconf 86' lang='lat' dir='ltr'>et</span> <span class='ocrx_word' id='word_1_229' title='bbox 998 2464 1222 2518; x_wconf 81' lang='lat' dir='ltr'>conversationis</span> <span class='ocrx_word' id='word_1_230' title='bbox 1233 2466 1361 2533; x_wconf 88' lang='lat' dir='ltr'>ipsorum</span> 
     </span>
     <span class='ocr_line' id='line_1_25' title="bbox 49 2532 1360 2615; baseline 0.004 -19"><span class='ocrx_word' id='word_1_231' title='bbox 49 2532 303 2600; x_wconf 77' lang='lat' dir='ltr'>intrinsecus</span> <span class='ocrx_word' id='word_1_232' title='bbox 314 2548 394 2613; x_wconf 63' lang='lat' dir='ltr'>two,</span> <span class='ocrx_word' id='word_1_233' title='bbox 407 2549 500 2615; x_wconf 76' lang='lat' dir='ltr'>parati</span> <span class='ocrx_word' id='word_1_234' title='bbox 512 2563 608 2601; x_wconf 67' lang='lat' dir='ltr'>summ</span> <span class='ocrx_word' id='word_1_235' title='bbox 620 2549 656 2601; x_wconf 78' lang='lat' dir='ltr'>ae</span> <span class='ocrx_word' id='word_1_236' title='bbox 672 2549 871 2615; x_wconf 60' lang='lat' dir='ltr'>annuemus,</span> <span class='ocrx_word' id='word_1_237' title='bbox 881 2550 905 2600; x_wconf 73' lang='lat' dir='ltr'>si</span> <span class='ocrx_word' id='word_1_238' title='bbox 918 2563 989 2614; x_wconf 77' lang='lat' dir='ltr'>opus</span> <span class='ocrx_word' id='word_1_239' title='bbox 1002 2548 1100 2610; x_wconf 75' lang='lat' dir='ltr'>fuerit,</span> <span class='ocrx_word' id='word_1_240' title='bbox 1113 2550 1188 2600; x_wconf 75' lang='lat' dir='ltr'>sure</span> <span class='ocrx_word' id='word_1_241' title='bbox 1200 2548 1360 2614; x_wconf 75' lang='lat' dir='ltr'>juramento</span> 
     </span>
     <span class='ocr_line' id='line_1_26' title="bbox 49 2630 1361 2699; baseline 0 -18"><span class='ocrx_word' id='word_1_242' title='bbox 49 2632 227 2682; x_wconf 63' lang='lat' dir='ltr'>eoram</span> <span class='ocrx_word' id='word_1_243' title='bbox 249 2630 382 2683; x_wconf 91' lang='lat' dir='ltr'>omnibus</span> <span class='ocrx_word' id='word_1_244' title='bbox 404 2645 526 2697; x_wconf 89' lang='lat' dir='ltr'>quorum</span> <span class='ocrx_word' id='word_1_245' title='bbox 547 2632 688 2686; x_wconf 89' lang='lat' dir='ltr'>interesse</span> <span class='ocrx_word' id='word_1_246' title='bbox 710 2630 816 2699; x_wconf 90' lang='lat' dir='ltr'>poterit</span> <span class='ocrx_word' id='word_1_247' title='bbox 837 2632 873 2684; x_wconf 88' lang='lat' dir='ltr'>ad</span> <span class='ocrx_word' id='word_1_248' title='bbox 896 2631 1104 2685; x_wconf 85' lang='lat' dir='ltr'>convincendos</span> <span class='ocrx_word' id='word_1_249' title='bbox 1128 2632 1156 2684; x_wconf 92' lang='lat' dir='ltr'>et</span> <span class='ocrx_word' id='word_1_250' title='bbox 1173 2630 1361 2684; x_wconf 73' lang='lat' dir='ltr'>confutandos</span> 
     </span>
     <span class='ocr_line' id='line_1_27' title="bbox 54 2712 509 2768; baseline 0.002 -3"><span class='ocrx_word' id='word_1_251' title='bbox 54 2712 242 2766; x_wconf 45' lang='lat' dir='ltr'>&amp;mulos</span> <span class='ocrx_word' id='word_1_252' title='bbox 259 2714 291 2767; x_wconf 89' lang='lat' dir='ltr'>et</span> <span class='ocrx_word' id='word_1_253' title='bbox 306 2713 482 2768; x_wconf 84' lang='lat' dir='ltr'>detractores</span> <span class='ocrx_word' id='word_1_254' title='bbox 501 2729 509 2766; x_wconf 78' lang='grc' dir='ltr'><strong><em>ε</em></strong></span> 
     </span>
     <span class='ocr_line' id='line_1_28' title="bbox 161 2793 1362 2862; baseline 0.001 -15"><span class='ocrx_word' id='word_1_255' title='bbox 161 2793 307 2849; x_wconf 76' lang='lat' dir='ltr'>Videlicet</span> <span class='ocrx_word' id='word_1_256' title='bbox 322 2797 398 2862; x_wconf 87' lang='lat' dir='ltr'>quod</span> <span class='ocrx_word' id='word_1_257' title='bbox 414 2795 523 2850; x_wconf 88' lang='lat' dir='ltr'>nullam</span> <span class='ocrx_word' id='word_1_258' title='bbox 539 2796 691 2861; x_wconf 83' lang='lat' dir='ltr'>haeresim,</span> <span class='ocrx_word' id='word_1_259' title='bbox 709 2796 825 2860; x_wconf 86' lang='lat' dir='ltr'>sectam,</span> <span class='ocrx_word' id='word_1_260' title='bbox 844 2797 948 2850; x_wconf 89' lang='lat' dir='ltr'>scisma</span> <span class='ocrx_word' id='word_1_261' title='bbox 964 2798 1014 2850; x_wconf 91' lang='lat' dir='ltr'>aut</span> <span class='ocrx_word' id='word_1_262' title='bbox 1035 2795 1147 2850; x_wconf 87' lang='lat' dir='ltr'>occulta</span> <span class='ocrx_word' id='word_1_263' title='bbox 1165 2795 1362 2849; x_wconf 86' lang='lat' dir='ltr'>conventicula</span> 
     </span>
     <span class='ocr_line' id='line_1_29' title="bbox 56 2874 1361 2946; baseline -0.002 -16"><span class='ocrx_word' id='word_1_264' title='bbox 56 2874 291 2944; x_wconf 55' lang='lat' dir='ltr'>Nperimus</span> <span class='ocrx_word' id='word_1_265' title='bbox 310 2877 388 2931; x_wconf 83' lang='lat' dir='ltr'>inter</span> <span class='ocrx_word' id='word_1_266' title='bbox 405 2878 492 2944; x_wconf 91' lang='lat' dir='ltr'>ipsos,</span> <span class='ocrx_word' id='word_1_267' title='bbox 513 2892 566 2932; x_wconf 90' lang='lat' dir='ltr'>neo</span> <span class='ocrx_word' id='word_1_268' title='bbox 588 2879 767 2946; x_wconf 89' lang='lat' dir='ltr'>percepimus</span> <span class='ocrx_word' id='word_1_269' title='bbox 790 2892 839 2931; x_wconf 84' lang='lat' dir='ltr'>eoo</span> <span class='ocrx_word' id='word_1_270' title='bbox 861 2879 1029 2946; x_wconf 82' lang='lat' dir='ltr'>praedicare</span> <span class='ocrx_word' id='word_1_271' title='bbox 1053 2880 1137 2932; x_wconf 80' lang='lat' dir='ltr'>extra</span> <span class='ocrx_word' id='word_1_272' title='bbox 1158 2877 1294 2932; x_wconf 89' lang='lat' dir='ltr'>ecclesias</span> <span class='ocrx_word' id='word_1_273' title='bbox 1315 2876 1361 2930; x_wconf 79' lang='lat' dir='ltr'>vel</span> 
     </span>
     <span class='ocr_line' id='line_1_30' title="bbox 59 2951 1361 3027; baseline -0.001 -14"><span class='ocrx_word' id='word_1_274' title='bbox 59 2951 277 3026; x_wconf 63' lang='lat' dir='ltr'>disputare</span> <span class='ocrx_word' id='word_1_275' title='bbox 288 2961 325 3013; x_wconf 89' lang='lat' dir='ltr'>de</span> <span class='ocrx_word' id='word_1_276' title='bbox 335 2960 464 3014; x_wconf 85' lang='lat' dir='ltr'>articulis</span> <span class='ocrx_word' id='word_1_277' title='bbox 475 2961 543 3014; x_wconf 84' lang='lat' dir='ltr'>fidei</span> <span class='ocrx_word' id='word_1_278' title='bbox 554 2960 599 3014; x_wconf 88' lang='lat' dir='ltr'>vel</span> <span class='ocrx_word' id='word_1_279' title='bbox 610 2961 647 3014; x_wconf 92' lang='lat' dir='ltr'>de</span> <span class='ocrx_word' id='word_1_280' title='bbox 659 2963 774 3015; x_wconf 88' lang='lat' dir='ltr'>Summa</span> <span class='ocrx_word' id='word_1_281' title='bbox 786 2961 929 3015; x_wconf 86' lang='lat' dir='ltr'>Trinitate</span> <span class='ocrx_word' id='word_1_282' title='bbox 941 2963 991 3015; x_wconf 92' lang='lat' dir='ltr'>aut</span> <span class='ocrx_word' id='word_1_283' title='bbox 1002 2962 1037 3014; x_wconf 90' lang='lat' dir='ltr'>dc</span> <span class='ocrx_word' id='word_1_284' title='bbox 1057 2961 1154 3014; x_wconf 84' lang='lat' dir='ltr'>divina</span> <span class='ocrx_word' id='word_1_285' title='bbox 1165 2960 1318 3013; x_wconf 88' lang='lat' dir='ltr'>clementia</span> <span class='ocrx_word' id='word_1_286' title='bbox 1325 2958 1361 3027; x_wconf 93' lang='lat' dir='ltr'>(l)</span> 
     </span>
     <span class='ocr_line' id='line_1_31' title="bbox 59 3043 1362 3112; baseline -0.002 -16"><span class='ocrx_word' id='word_1_287' title='bbox 59 3043 169 3096; x_wconf 51' lang='lat' dir='ltr'>*el</span> <span class='ocrx_word' id='word_1_288' title='bbox 187 3056 338 3097; x_wconf 73' lang='lat' dir='ltr'>mamers</span> <span class='ocrx_word' id='word_1_289' title='bbox 353 3044 410 3096; x_wconf 84' lang='lat' dir='ltr'>sibi</span> <span class='ocrx_word' id='word_1_290' title='bbox 426 3043 557 3112; x_wconf 82' lang='lat' dir='ltr'>regulam</span> <span class='ocrx_word' id='word_1_291' title='bbox 572 3044 699 3110; x_wconf 85' lang='lat' dir='ltr'>aliquam</span> <span class='ocrx_word' id='word_1_292' title='bbox 714 3044 760 3098; x_wconf 86' lang='lat' dir='ltr'>vel</span> <span class='ocrx_word' id='word_1_293' title='bbox 781 3058 885 3097; x_wconf 83' lang='lat' dir='ltr'>novum</span> <span class='ocrx_word' id='word_1_294' title='bbox 904 3045 1033 3098; x_wconf 86' lang='lat' dir='ltr'>ordinem</span> <span class='ocrx_word' id='word_1_295' title='bbox 1054 3046 1104 3098; x_wconf 85' lang='lat' dir='ltr'>aut</span> <span class='ocrx_word' id='word_1_296' title='bbox 1124 3043 1254 3096; x_wconf 86' lang='lat' dir='ltr'>habitum</span> <span class='ocrx_word' id='word_1_297' title='bbox 1271 3055 1362 3095; x_wconf 86' lang='lat' dir='ltr'>novae</span> 
     </span>
     <span class='ocr_line' id='line_1_32' title="bbox 60 3125 1362 3195; baseline 0 -17"><span class='ocrx_word' id='word_1_298' title='bbox 60 3125 290 3195; x_wconf 59' lang='lat' dir='ltr'>NJom,</span> <span class='ocrx_word' id='word_1_299' title='bbox 311 3125 356 3181; x_wconf 85' lang='lat' dir='ltr'>vel</span> <span class='ocrx_word' id='word_1_300' title='bbox 382 3126 492 3194; x_wconf 85' lang='lat' dir='ltr'>eligere</span> <span class='ocrx_word' id='word_1_301' title='bbox 516 3128 572 3180; x_wconf 87' lang='lat' dir='ltr'>sibi</span> <span class='ocrx_word' id='word_1_302' title='bbox 588 3127 742 3193; x_wconf 89' lang='lat' dir='ltr'>praelatos,</span> <span class='ocrx_word' id='word_1_303' title='bbox 771 3141 841 3192; x_wconf 90' lang='lat' dir='ltr'>quos</span> <span class='ocrx_word' id='word_1_304' title='bbox 869 3128 1049 3194; x_wconf 84' lang='lat' dir='ltr'>gwardianos</span> <span class='ocrx_word' id='word_1_305' title='bbox 1076 3127 1121 3181; x_wconf 86' lang='lat' dir='ltr'>vel</span> <span class='ocrx_word' id='word_1_306' title='bbox 1148 3128 1295 3180; x_wconf 90' lang='lat' dir='ltr'>ministros</span> <span class='ocrx_word' id='word_1_307' title='bbox 1312 3126 1362 3179; x_wconf 88' lang='lat' dir='ltr'>aut</span> 
     </span>
     <span class='ocr_line' id='line_1_33' title="bbox 64 3208 1359 3276; baseline -0.001 -15"><span class='ocrx_word' id='word_1_308' title='bbox 64 3209 355 3275; x_wconf 79' lang='lat' dir='ltr'>quibuscumque</span> <span class='ocrx_word' id='word_1_309' title='bbox 365 3208 430 3262; x_wconf 87' lang='lat' dir='ltr'>aliis</span> <span class='ocrx_word' id='word_1_310' title='bbox 447 3209 609 3275; x_wconf 76' lang='lat' dir='ltr'>huiusmodi</span> <span class='ocrx_word' id='word_1_311' title='bbox 627 3210 789 3262; x_wconf 91' lang='lat' dir='ltr'>nominibus</span> <span class='ocrx_word' id='word_1_312' title='bbox 806 3211 917 3273; x_wconf 81' lang='lat' dir='ltr'>vocant,</span> <span class='ocrx_word' id='word_1_313' title='bbox 935 3210 1074 3263; x_wconf 84' lang='lat' dir='ltr'>iacientes</span> <span class='ocrx_word' id='word_1_314' title='bbox 1091 3211 1133 3262; x_wconf 89' lang='lat' dir='ltr'>eis</span> <span class='ocrx_word' id='word_1_315' title='bbox 1145 3209 1359 3276; x_wconf 68' lang='lat' dir='ltr'>protensionem,</span> 
     </span>
     <span class='ocr_line' id='line_1_34' title="bbox 66 3290 1361 3359; baseline -0.001 -16"><span class='ocrx_word' id='word_1_316' title='bbox 66 3291 322 3353; x_wconf 62' lang='lat' dir='ltr'>promittendo</span> <span class='ocrx_word' id='word_1_317' title='bbox 338 3291 539 3356; x_wconf 88' lang='lat' dir='ltr'>obedientiam,</span> <span class='ocrx_word' id='word_1_318' title='bbox 551 3294 750 3359; x_wconf 77' lang='lat' dir='ltr'>paupertatem</span> <span class='ocrx_word' id='word_1_319' title='bbox 767 3293 797 3345; x_wconf 91' lang='lat' dir='ltr'>et</span> <span class='ocrx_word' id='word_1_320' title='bbox 812 3292 989 3356; x_wconf 73' lang='lat' dir='ltr'>castitatem</span> <span class='ocrx_word' id='word_1_321' title='bbox 1007 3291 1080 3344; x_wconf 86' lang='lat' dir='ltr'>haec</span> <span class='ocrx_word' id='word_1_322' title='bbox 1097 3293 1127 3345; x_wconf 88' lang='lat' dir='ltr'>et</span> <span class='ocrx_word' id='word_1_323' title='bbox 1143 3291 1306 3359; x_wconf 80' lang='lat' dir='ltr'>hujusmodi</span> <span class='ocrx_word' id='word_1_324' title='bbox 1319 3290 1361 3343; x_wconf 89' lang='lat' dir='ltr'>eis</span> 
     </span>
     <span class='ocr_line' id='line_1_35' title="bbox 80 3367 1362 3441; baseline -0.001 -17"><span class='ocrx_word' id='word_1_325' title='bbox 80 3367 232 3426; x_wconf 67' lang='lat' dir='ltr'>illicita</span> <span class='ocrx_word' id='word_1_326' title='bbox 255 3375 286 3428; x_wconf 90' lang='lat' dir='ltr'>et</span> <span class='ocrx_word' id='word_1_327' title='bbox 304 3388 323 3428; x_wconf 87' lang='lat' dir='ltr'>a</span> <span class='ocrx_word' id='word_1_328' title='bbox 341 3378 441 3429; x_wconf 86' lang='lat' dir='ltr'>sancta</span> <span class='ocrx_word' id='word_1_329' title='bbox 462 3375 584 3429; x_wconf 88' lang='lat' dir='ltr'>ecclesia</span> <span class='ocrx_word' id='word_1_330' title='bbox 604 3377 646 3428; x_wconf 92' lang='lat' dir='ltr'>eis</span> <span class='ocrx_word' id='word_1_331' title='bbox 669 3374 816 3441; x_wconf 88' lang='lat' dir='ltr'>prohibita</span> <span class='ocrx_word' id='word_1_332' title='bbox 838 3375 873 3428; x_wconf 91' lang='lat' dir='ltr'>de</span> <span class='ocrx_word' id='word_1_333' title='bbox 893 3376 935 3428; x_wconf 90' lang='lat' dir='ltr'>eis</span> <span class='ocrx_word' id='word_1_334' title='bbox 957 3389 1110 3440; x_wconf 86' lang='lat' dir='ltr'>numquam</span> <span class='ocrx_word' id='word_1_335' title='bbox 1132 3375 1292 3429; x_wconf 86' lang='lat' dir='ltr'>audivimus</span> <span class='ocrx_word' id='word_1_336' title='bbox 1312 3374 1362 3426; x_wconf 89' lang='lat' dir='ltr'>aut</span> 
     </span>
     <span class='ocr_line' id='line_1_36' title="bbox 87 3455 1384 3524; baseline -0.002 -15"><span class='ocrx_word' id='word_1_337' title='bbox 87 3457 252 3510; x_wconf 44' lang='lat' dir='ltr'>*idimus</span> <span class='ocrx_word' id='word_1_338' title='bbox 263 3458 341 3511; x_wconf 87' lang='lat' dir='ltr'>inter</span> <span class='ocrx_word' id='word_1_339' title='bbox 349 3458 426 3524; x_wconf 85' lang='lat' dir='ltr'>ipsos</span> <span class='ocrx_word' id='word_1_340' title='bbox 436 3474 444 3524; x_wconf 74' lang='grc' dir='ltr'><strong>ς</strong></span> <span class='ocrx_word' id='word_1_341' title='bbox 456 3459 507 3510; x_wconf 90' lang='lat' dir='ltr'>sed</span> <span class='ocrx_word' id='word_1_342' title='bbox 517 3459 639 3510; x_wconf 83' lang='lat' dir='ltr'>firmiter</span> <span class='ocrx_word' id='word_1_343' title='bbox 650 3459 686 3510; x_wconf 89' lang='lat' dir='ltr'>de</span> <span class='ocrx_word' id='word_1_344' title='bbox 704 3459 774 3524; x_wconf 91' lang='lat' dir='ltr'>ipsis</span> <span class='ocrx_word' id='word_1_345' title='bbox 782 3460 912 3510; x_wconf 90' lang='lat' dir='ltr'>tenemus</span> <span class='ocrx_word' id='word_1_346' title='bbox 929 3458 959 3510; x_wconf 87' lang='lat' dir='ltr'>et</span> <span class='ocrx_word' id='word_1_347' title='bbox 975 3458 1125 3521; x_wconf 89' lang='lat' dir='ltr'>credimus,</span> <span class='ocrx_word' id='word_1_348' title='bbox 1136 3457 1211 3524; x_wconf 92' lang='lat' dir='ltr'>quod</span> <span class='ocrx_word' id='word_1_349' title='bbox 1229 3455 1314 3508; x_wconf 71' lang='lat' dir='ltr'>mmul</span> <span class='ocrx_word' id='word_1_350' title='bbox 1332 3456 1361 3506; x_wconf 93' lang='lat' dir='ltr'>in</span> <span class='ocrx_word' id='word_1_351' title='bbox 1380 3477 1384 3484; x_wconf 52' lang='lat'><strong><em>¹</em></strong></span> 
     </span>
     <span class='ocr_line' id='line_1_37' title="bbox 93 3539 1361 3606; baseline -0.002 -14"><span class='ocrx_word' id='word_1_352' title='bbox 93 3541 275 3594; x_wconf 63' lang='lat' dir='ltr'>communi</span> <span class='ocrx_word' id='word_1_353' title='bbox 285 3541 323 3594; x_wconf 90' lang='lat' dir='ltr'>de</span> <span class='ocrx_word' id='word_1_354' title='bbox 332 3539 431 3594; x_wconf 86' lang='lat' dir='ltr'>labore</span> <span class='ocrx_word' id='word_1_355' title='bbox 442 3554 577 3594; x_wconf 88' lang='lat' dir='ltr'>manuam</span> <span class='ocrx_word' id='word_1_356' title='bbox 588 3555 705 3594; x_wconf 88' lang='lat' dir='ltr'>suarum</span> <span class='ocrx_word' id='word_1_357' title='bbox 717 3543 746 3593; x_wconf 87' lang='lat' dir='ltr'>et</span> <span class='ocrx_word' id='word_1_358' title='bbox 756 3541 924 3604; x_wconf 88' lang='lat' dir='ltr'>redditibus,</span> <span class='ocrx_word' id='word_1_359' title='bbox 938 3554 1008 3605; x_wconf 89' lang='lat' dir='ltr'>quos</span> <span class='ocrx_word' id='word_1_360' title='bbox 1021 3540 1110 3606; x_wconf 91' lang='lat' dir='ltr'>aliqui</span> <span class='ocrx_word' id='word_1_361' title='bbox 1133 3553 1234 3594; x_wconf 90' lang='lat' dir='ltr'>eorum</span> <span class='ocrx_word' id='word_1_362' title='bbox 1244 3539 1361 3600; x_wconf 88' lang='lat' dir='ltr'>habent,</span> 
     </span>
     <span class='ocr_line' id='line_1_38' title="bbox 101 3623 1361 3692; baseline -0.002 -17"><span class='ocrx_word' id='word_1_363' title='bbox 101 3637 200 3688; x_wconf 71' lang='lat' dir='ltr'>quos</span> <span class='ocrx_word' id='word_1_364' title='bbox 207 3625 306 3677; x_wconf 79' lang='lat' dir='ltr'>tamen</span> <span class='ocrx_word' id='word_1_365' title='bbox 316 3623 477 3678; x_wconf 80' lang='lat' dir='ltr'>liberaliter</span> <span class='ocrx_word' id='word_1_366' title='bbox 484 3625 619 3692; x_wconf 86' lang='lat' dir='ltr'>redigunt</span> <span class='ocrx_word' id='word_1_367' title='bbox 629 3625 660 3676; x_wconf 90' lang='lat' dir='ltr'>ia</span> <span class='ocrx_word' id='word_1_368' title='bbox 671 3623 979 3690; x_wconf 89' lang='lat' dir='ltr'>commune,humiliter</span> <span class='ocrx_word' id='word_1_369' title='bbox 987 3624 1017 3676; x_wconf 92' lang='lat' dir='ltr'>et</span> <span class='ocrx_word' id='word_1_370' title='bbox 1026 3623 1144 3676; x_wconf 90' lang='lat' dir='ltr'>honeste</span> <span class='ocrx_word' id='word_1_371' title='bbox 1153 3625 1184 3676; x_wconf 91' lang='lat' dir='ltr'>in</span> <span class='ocrx_word' id='word_1_372' title='bbox 1193 3623 1361 3689; x_wconf 85' lang='lat' dir='ltr'>psupertate</span> 
     </span>
     <span class='ocr_line' id='line_1_39' title="bbox 103 3706 1361 3772; baseline 0.002 -14"><span class='ocrx_word' id='word_1_373' title='bbox 103 3708 158 3758; x_wconf 68' lang='lat' dir='ltr'>et</span> <span class='ocrx_word' id='word_1_374' title='bbox 180 3707 317 3759; x_wconf 75' lang='lat' dir='ltr'>castitate</span> <span class='ocrx_word' id='word_1_375' title='bbox 342 3708 373 3759; x_wconf 89' lang='lat' dir='ltr'>et</span> <span class='ocrx_word' id='word_1_376' title='bbox 396 3708 517 3760; x_wconf 87' lang='lat' dir='ltr'>caeteris</span> <span class='ocrx_word' id='word_1_377' title='bbox 541 3707 695 3760; x_wconf 85' lang='lat' dir='ltr'>virtutibus</span> <span class='ocrx_word' id='word_1_378' title='bbox 721 3708 837 3771; x_wconf 80' lang='lat' dir='ltr'>vivunt3</span> <span class='ocrx_word' id='word_1_379' title='bbox 868 3706 1011 3759; x_wconf 86' lang='lat' dir='ltr'>Romanae</span> <span class='ocrx_word' id='word_1_380' title='bbox 1038 3706 1176 3759; x_wconf 86' lang='lat' dir='ltr'>ecclesiae</span> <span class='ocrx_word' id='word_1_381' title='bbox 1205 3719 1361 3772; x_wconf 88' lang='lat' dir='ltr'>eorumque</span> 
     </span>
     <span class='ocr_line' id='line_1_40' title="bbox 113 3786 1362 3857; baseline 0.001 -16"><span class='ocrx_word' id='word_1_382' title='bbox 113 3786 298 3852; x_wconf 73' lang='lat' dir='ltr'>lamelatis...</span> <span class='ocrx_word' id='word_1_383' title='bbox 316 3792 481 3844; x_wconf 85' lang='lat' dir='ltr'>reverenter</span> <span class='ocrx_word' id='word_1_384' title='bbox 497 3791 643 3855; x_wconf 88' lang='lat' dir='ltr'>obediunt,</span> <span class='ocrx_word' id='word_1_385' title='bbox 662 3790 798 3843; x_wconf 86' lang='lat' dir='ltr'>ccclesias</span> <span class='ocrx_word' id='word_1_386' title='bbox 819 3790 920 3843; x_wconf 84' lang='lat' dir='ltr'>devote</span> <span class='ocrx_word' id='word_1_387' title='bbox 940 3791 1123 3856; x_wconf 73' lang='lat' dir='ltr'>frequentant</span> <span class='ocrx_word' id='word_1_388' title='bbox 1144 3804 1197 3843; x_wconf 92' lang='lat' dir='ltr'>nec</span> <span class='ocrx_word' id='word_1_389' title='bbox 1219 3790 1362 3857; x_wconf 86' lang='lat' dir='ltr'>aliquibus</span> 
     </span>
     <span class='ocr_line' id='line_1_41' title="bbox 117 3870 1363 3937; baseline 0 -15"><span class='ocrx_word' id='word_1_390' title='bbox 117 3883 163 3922; x_wconf 71' lang='lat' dir='ltr'>se</span> <span class='ocrx_word' id='word_1_391' title='bbox 180 3871 329 3923; x_wconf 89' lang='lat' dir='ltr'>erroribus</span> <span class='ocrx_word' id='word_1_392' title='bbox 347 3870 505 3934; x_wconf 81' lang='lat' dir='ltr'>involvunt,</span> <span class='ocrx_word' id='word_1_393' title='bbox 526 3872 577 3925; x_wconf 89' lang='lat' dir='ltr'>sed</span> <span class='ocrx_word' id='word_1_394' title='bbox 596 3872 697 3924; x_wconf 84' lang='lat' dir='ltr'>intimo</span> <span class='ocrx_word' id='word_1_395' title='bbox 719 3871 867 3924; x_wconf 88' lang='lat' dir='ltr'>charitatis</span> <span class='ocrx_word' id='word_1_396' title='bbox 887 3884 984 3923; x_wconf 89' lang='lat' dir='ltr'>amore</span> <span class='ocrx_word' id='word_1_397' title='bbox 1003 3872 1058 3923; x_wconf 89' lang='lat' dir='ltr'>sibi</span> <span class='ocrx_word' id='word_1_398' title='bbox 1078 3871 1199 3924; x_wconf 84' lang='lat' dir='ltr'>invicem</span> <span class='ocrx_word' id='word_1_399' title='bbox 1223 3872 1363 3937; x_wconf 86' lang='lat' dir='ltr'>serviunt,</span> 
     </span>
     <span class='ocr_line' id='line_1_42' title="bbox 127 3951 1360 4020; baseline 0.002 -16"><span class='ocrx_word' id='word_1_400' title='bbox 127 3951 326 4006; x_wconf 68' lang='lat' dir='ltr'>deuderantea</span> <span class='ocrx_word' id='word_1_401' title='bbox 337 3966 423 4019; x_wconf 86' lang='lat' dir='ltr'>quam</span> <span class='ocrx_word' id='word_1_402' title='bbox 433 3952 589 4020; x_wconf 90' lang='lat' dir='ltr'>plurimum</span> <span class='ocrx_word' id='word_1_403' title='bbox 600 3953 684 4006; x_wconf 89' lang='lat' dir='ltr'>simul</span> <span class='ocrx_word' id='word_1_404' title='bbox 699 3969 733 4006; x_wconf 87' lang='lat' dir='ltr'>sc</span> <span class='ocrx_word' id='word_1_405' title='bbox 743 3955 868 4006; x_wconf 83' lang='lat' dir='ltr'>invicem</span> <span class='ocrx_word' id='word_1_406' title='bbox 878 3954 910 4006; x_wconf 92' lang='lat' dir='ltr'>in</span> <span class='ocrx_word' id='word_1_407' title='bbox 921 3953 1092 4007; x_wconf 89' lang='lat' dir='ltr'>humilitatis</span> <span class='ocrx_word' id='word_1_408' title='bbox 1103 3955 1206 4020; x_wconf 87' lang='lat' dir='ltr'>spiritu</span> <span class='ocrx_word' id='word_1_409' title='bbox 1215 3954 1360 4006; x_wconf 75' lang='lat' dir='ltr'>altissimo</span> 
     </span>
     <span class='ocr_line' id='line_1_43' title="bbox 132 4034 1446 4104; baseline 0 -17"><span class='ocrx_word' id='word_1_410' title='bbox 132 4034 265 4089; x_wconf 75' lang='lat' dir='ltr'>tumulari</span> <span class='ocrx_word' id='word_1_411' title='bbox 276 4036 360 4102; x_wconf 74' lang='lat' dir='ltr'>iuxta</span> <span class='ocrx_word' id='word_1_412' title='bbox 376 4037 606 4090; x_wconf 85' lang='lat' dir='ltr'>constitutionem</span> <span class='ocrx_word' id='word_1_413' title='bbox 624 4037 758 4104; x_wconf 86' lang='lat' dir='ltr'>Gregorii</span> <span class='ocrx_word' id='word_1_414' title='bbox 775 4049 866 4103; x_wconf 89' lang='lat' dir='ltr'>papae</span> <span class='ocrx_word' id='word_1_415' title='bbox 882 4036 933 4097; x_wconf 84' lang='lat' dir='ltr'>XI,</span> <span class='ocrx_word' id='word_1_416' title='bbox 953 4049 1025 4102; x_wconf 83' lang='lat' dir='ltr'>quae</span> <span class='ocrx_word' id='word_1_417' title='bbox 1043 4037 1145 4102; x_wconf 89' lang='lat' dir='ltr'>incipit</span> <span class='ocrx_word' id='word_1_418' title='bbox 1160 4035 1206 4089; x_wconf 78' lang='lat' dir='ltr'>Eos</span> <span class='ocrx_word' id='word_1_419' title='bbox 1221 4036 1359 4104; x_wconf 57' lang='lat' dir='ltr'>wando.</span> <span class='ocrx_word' id='word_1_420' title='bbox 1442 4073 1446 4081; x_wconf 87' lang='lat'>.</span> 
     </span>
     <span class='ocr_line' id='line_1_44' title="bbox 166 4118 1361 4186; baseline 0 -15"><span class='ocrx_word' id='word_1_421' title='bbox 166 4118 234 4171; x_wconf 83' lang='lat' dir='ltr'>Post</span> <span class='ocrx_word' id='word_1_422' title='bbox 249 4118 333 4184; x_wconf 81' lang='lat' dir='ltr'>cujus</span> <span class='ocrx_word' id='word_1_423' title='bbox 360 4119 479 4172; x_wconf 79' lang='lat' dir='ltr'>cedulae</span> <span class='ocrx_word' id='word_1_424' title='bbox 495 4119 693 4173; x_wconf 88' lang='lat' dir='ltr'>recitationem</span> <span class='ocrx_word' id='word_1_425' title='bbox 711 4119 850 4186; x_wconf 88' lang='lat' dir='ltr'>praedicti</span> <span class='ocrx_word' id='word_1_426' title='bbox 867 4118 999 4185; x_wconf 88' lang='lat' dir='ltr'>religiosi</span> <span class='ocrx_word' id='word_1_427' title='bbox 1015 4119 1070 4170; x_wconf 80' lang='lat' dir='ltr'>viri</span> <span class='ocrx_word' id='word_1_428' title='bbox 1087 4119 1208 4184; x_wconf 85' lang='lat' dir='ltr'>priores,</span> <span class='ocrx_word' id='word_1_429' title='bbox 1227 4119 1361 4185; x_wconf 90' lang='lat' dir='ltr'>subprior</span> 
     </span>
     <span class='ocr_line' id='line_1_45' title="bbox 139 4199 1359 4270; baseline 0.001 -17"><span class='ocrx_word' id='word_1_430' title='bbox 139 4199 323 4254; x_wconf 86' lang='lat' dir='ltr'>eteanonious</span> <span class='ocrx_word' id='word_1_431' title='bbox 334 4203 480 4268; x_wconf 87' lang='lat' dir='ltr'>petierunt</span> <span class='ocrx_word' id='word_1_432' title='bbox 487 4215 551 4256; x_wconf 86' lang='lat' dir='ltr'>eam</span> <span class='ocrx_word' id='word_1_433' title='bbox 562 4216 615 4269; x_wconf 88' lang='lat' dir='ltr'>per</span> <span class='ocrx_word' id='word_1_434' title='bbox 625 4215 672 4256; x_wconf 88' lang='lat' dir='ltr'>me</span> <span class='ocrx_word' id='word_1_435' title='bbox 683 4202 825 4255; x_wconf 77' lang='lat' dir='ltr'>notamum</span> <span class='ocrx_word' id='word_1_436' title='bbox 835 4202 1049 4269; x_wconf 72' lang='lat' dir='ltr'>infrascriptum</span> <span class='ocrx_word' id='word_1_437' title='bbox 1060 4202 1213 4256; x_wconf 88' lang='lat' dir='ltr'>transsumi</span> <span class='ocrx_word' id='word_1_438' title='bbox 1224 4203 1254 4257; x_wconf 91' lang='lat' dir='ltr'>et</span> <span class='ocrx_word' id='word_1_439' title='bbox 1264 4201 1359 4270; x_wconf 89' lang='lat' dir='ltr'>redigi</span> 
     </span>
     <span class='ocr_line' id='line_1_46' title="bbox 138 4283 561 4351; baseline 0.007 -16"><span class='ocrx_word' id='word_1_440' title='bbox 138 4283 164 4335; x_wconf 88' lang='lat' dir='ltr'>in</span> <span class='ocrx_word' id='word_1_441' title='bbox 173 4283 320 4351; x_wconf 89' lang='lat' dir='ltr'>publicum</span> <span class='ocrx_word' id='word_1_442' title='bbox 331 4285 561 4340; x_wconf 87' lang='lat' dir='ltr'>instrumentum.</span> 
     </span>
    </p>
   </div>
   <div class='ocr_carea' id='block_1_3' title="bbox 31 4531 782 4625">
    <p class='ocr_par' dir='ltr' id='par_1_3' title="bbox 31 4531 782 4625">
     <span class='ocr_line' id='line_1_47' title="bbox 31 4531 782 4625; baseline -0.009 -29"><span class='ocrx_word' id='word_1_443' title='bbox 31 4564 48 4625; x_wconf 59' lang='lat' dir='ltr'>j</span> <span class='ocrx_word' id='word_1_444' title='bbox 164 4531 685 4624; x_wconf 73' lang='lat' dir='ltr'>(lilouhiernietmmtioteleaen</span> <span class='ocrx_word' id='word_1_445' title='bbox 703 4534 782 4603; x_wconf 77' lang='lat' dir='ltr'>alini</span> 
     </span>
    </p>
   </div>
   <div class='ocr_carea' id='block_1_4' title="bbox 0 0 1638 5324">
    <p class='ocr_par' dir='ltr' id='par_1_4' title="bbox 0 0 1638 5324">
     <span class='ocr_line' id='line_1_48' title="bbox 0 0 1638 5324; baseline 0 0"><span class='ocrx_word' id='word_1_446' title='bbox 0 0 1638 5324; x_wconf 95' lang='lat' dir='ltr'> </span> 
     </span>
    </p>
   </div>
  </div>
 </body>
</html>
