<?xml version="1.0" encoding="UTF-8"?>
<!DOCTYPE html PUBLIC "-//W3C//DTD XHTML 1.0 Transitional//EN"
    "http://www.w3.org/TR/xhtml1/DTD/xhtml1-transitional.dtd">
<html xmlns="http://www.w3.org/1999/xhtml" xml:lang="en" lang="en">
 <head>
  <title>
</title>
<meta http-equiv="Content-Type" content="text/html;charset=utf-8" />
  <meta name='ocr-system' content='tesseract 3.04.00' />
  <meta name='ocr-capabilities' content='ocr_page ocr_carea ocr_par ocr_line ocrx_word'/>
</head>
<body>
  <div class='ocr_page' id='page_1' title='image "./corpusdocumento00frgoog_0175.png"; bbox 0 0 3188 5340; ppageno 0'>
   <div class='ocr_carea' id='block_1_1' title="bbox 711 487 899 547">
    <p class='ocr_par' dir='ltr' id='par_1_1' title="bbox 711 487 899 547">
     <span class='ocr_line' id='line_1_1' title="bbox 711 487 899 547; baseline -0.037 0"><span class='ocrx_word' id='word_1_1' title='bbox 711 487 816 547; x_wconf 78' lang='lat' dir='ltr'>ANNO</span> <span class='ocrx_word' id='word_1_2' title='bbox 833 487 899 543; x_wconf 75' lang='lat'>1³74</span> 
     </span>
    </p>
   </div>
   <div class='ocr_carea' id='block_1_2' title="bbox 688 753 915 852">
    <p class='ocr_par' dir='ltr' id='par_1_2' title="bbox 688 753 915 852">
     <span class='ocr_line' id='line_1_2' title="bbox 688 753 915 852; baseline 0.004 -24"><span class='ocrx_word' id='word_1_3' title='bbox 688 761 744 831; x_wconf 86' lang='lat' dir='ltr'><strong>os</strong></span> <span class='ocrx_word' id='word_1_4' title='bbox 767 753 915 852; x_wconf 52' lang='lat' dir='ltr'><strong>(caea).</strong></span> 
     </span>
    </p>
   </div>
   <div class='ocr_carea' id='block_1_3' title="bbox 191 963 1429 1158">
    <p class='ocr_par' dir='ltr' id='par_1_3' title="bbox 191 963 1429 1158">
     <span class='ocr_line' id='line_1_3' title="bbox 238 963 1429 1051; baseline -0.003 -13"><span class='ocrx_word' id='word_1_5' title='bbox 238 975 330 1051; x_wconf 70' lang='lat'><em>1³74,</em></span> <span class='ocrx_word' id='word_1_6' title='bbox 367 963 479 1047; x_wconf 73' lang='lat' dir='ltr'><strong>Alea,</strong></span> <span class='ocrx_word' id='word_1_7' title='bbox 510 963 654 1046; x_wconf 72' lang='lat' dir='ltr'><strong>Kadoi,</strong></span> <span class='ocrx_word' id='word_1_8' title='bbox 683 965 895 1034; x_wconf 79' lang='lat' dir='ltr'><strong>Monatrt&#39;cbt</strong></span> <span class='ocrx_word' id='word_1_9' title='bbox 916 984 958 1033; x_wconf 85' lang='lat' dir='ltr'><strong>en</strong></span> <span class='ocrx_word' id='word_1_10' title='bbox 974 965 1077 1037; x_wconf 73' lang='lat' dir='ltr'><strong>tuit.</strong></span> <span class='ocrx_word' id='word_1_11' title='bbox 1096 966 1281 1036; x_wconf 84' lang='lat' dir='ltr'><strong>Uittreksol</strong></span> <span class='ocrx_word' id='word_1_12' title='bbox 1307 968 1357 1037; x_wconf 90' lang='lat' dir='ltr'><strong>uit</strong></span> <span class='ocrx_word' id='word_1_13' title='bbox 1377 969 1429 1036; x_wconf 75' lang='lat' dir='ltr'><strong>de</strong></span> 
     </span>
     <span class='ocr_line' id='line_1_4' title="bbox 191 1067 1413 1158; baseline 0.006 -24"><span class='ocrx_word' id='word_1_14' title='bbox 191 1067 327 1158; x_wconf 83' lang='lat' dir='ltr'><strong>kronijk</strong></span> <span class='ocrx_word' id='word_1_15' title='bbox 345 1089 408 1137; x_wconf 80' lang='lat' dir='ltr'><strong>van</strong></span> <span class='ocrx_word' id='word_1_16' title='bbox 425 1070 488 1137; x_wconf 83' lang='lat' dir='ltr'><strong>lan</strong></span> <span class='ocrx_word' id='word_1_17' title='bbox 505 1090 569 1137; x_wconf 84' lang='lat' dir='ltr'><strong>van</strong></span> <span class='ocrx_word' id='word_1_18' title='bbox 587 1069 718 1158; x_wconf 88' lang='lat' dir='ltr'><strong>Leijden</strong></span> <span class='ocrx_word' id='word_1_19' title='bbox 737 1068 823 1157; x_wconf 66' lang='lat'>(15⁶⁰</span> <span class='ocrx_word' id='word_1_20' title='bbox 834 1072 944 1157; x_wconf 84' lang='lat' dir='ltr'><strong>ceuw)</strong></span> <span class='ocrx_word' id='word_1_21' title='bbox 959 1089 1038 1136; x_wconf 83' lang='lat' dir='ltr'><strong>over</strong></span> <span class='ocrx_word' id='word_1_22' title='bbox 1059 1069 1100 1136; x_wconf 88' lang='lat' dir='ltr'><strong>de</strong></span> <span class='ocrx_word' id='word_1_23' title='bbox 1122 1071 1267 1139; x_wconf 78' lang='lat' dir='ltr'><strong>Danaam</strong></span> <span class='ocrx_word' id='word_1_24' title='bbox 1291 1072 1413 1141; x_wconf 86' lang='lat' dir='ltr'><strong>aldaar.</strong></span> 
     </span>
    </p>
   </div>
   <div class='ocr_carea' id='block_1_4' title="bbox 602 1291 1012 1362">
    <p class='ocr_par' dir='ltr' id='par_1_4' title="bbox 602 1291 1012 1362">
     <span class='ocr_line' id='line_1_5' title="bbox 602 1291 1012 1362; baseline 0.012 -18"><span class='ocrx_word' id='word_1_25' title='bbox 602 1291 644 1345; x_wconf 84' lang='lat' dir='ltr'><strong>De</strong></span> <span class='ocrx_word' id='word_1_26' title='bbox 656 1300 735 1362; x_wconf 79' lang='lat' dir='ltr'><strong>peste</strong></span> <span class='ocrx_word' id='word_1_27' title='bbox 751 1301 778 1348; x_wconf 79' lang='lat' dir='ltr'><strong>et</strong></span> <span class='ocrx_word' id='word_1_28' title='bbox 794 1291 1012 1350; x_wconf 61' lang='lat' dir='ltr'><strong>amantibus.</strong></span> 
     </span>
    </p>
   </div>
   <div class='ocr_carea' id='block_1_5' title="bbox 182 1455 1419 4172">
    <p class='ocr_par' dir='ltr' id='par_1_5' title="bbox 190 1455 1416 1842">
     <span class='ocr_line' id='line_1_6' title="bbox 224 1455 1412 1531; baseline 0.006 -20"><span class='ocrx_word' id='word_1_29' title='bbox 224 1460 306 1511; x_wconf 83' lang='lat' dir='ltr'><strong>Anno</strong></span> <span class='ocrx_word' id='word_1_30' title='bbox 318 1457 403 1510; x_wconf 85' lang='lat' dir='ltr'><strong>etlam</strong></span> <span class='ocrx_word' id='word_1_31' title='bbox 415 1457 515 1510; x_wconf 89' lang='lat' dir='ltr'><strong>eodem</strong></span> <span class='ocrx_word' id='word_1_32' title='bbox 528 1455 615 1526; x_wconf 77' lang='grc'>[1374]</span> <span class='ocrx_word' id='word_1_33' title='bbox 626 1458 757 1512; x_wconf 87' lang='lat' dir='ltr'><strong>miranda</strong></span> <span class='ocrx_word' id='word_1_34' title='bbox 765 1461 795 1512; x_wconf 93' lang='lat' dir='ltr'><strong>et</strong></span> <span class='ocrx_word' id='word_1_35' title='bbox 806 1460 935 1513; x_wconf 90' lang='lat' dir='ltr'><strong>inaudita</strong></span> <span class='ocrx_word' id='word_1_36' title='bbox 950 1461 1097 1517; x_wconf 85' lang='lat' dir='ltr'><strong>calamitas</strong></span> <span class='ocrx_word' id='word_1_37' title='bbox 1113 1464 1327 1531; x_wconf 77' lang='lat' dir='ltr'><strong>aquisgrauict</strong></span> <span class='ocrx_word' id='word_1_38' title='bbox 1341 1464 1412 1518; x_wconf 81' lang='lat' dir='ltr'><strong>Colo</strong></span> 
     </span>
     <span class='ocr_line' id='line_1_7' title="bbox 191 1539 1413 1601; baseline 0.007 -7"><span class='ocrx_word' id='word_1_39' title='bbox 191 1543 256 1594; x_wconf 87' lang='lat' dir='ltr'><strong>niae</strong></span> <span class='ocrx_word' id='word_1_40' title='bbox 280 1556 313 1594; x_wconf 90' lang='lat' dir='ltr'><strong>ac</strong></span> <span class='ocrx_word' id='word_1_41' title='bbox 334 1542 364 1593; x_wconf 90' lang='lat' dir='ltr'><strong>in</strong></span> <span class='ocrx_word' id='word_1_42' title='bbox 381 1539 446 1593; x_wconf 88' lang='lat' dir='ltr'><strong>aliis</strong></span> <span class='ocrx_word' id='word_1_43' title='bbox 463 1540 625 1593; x_wconf 81' lang='lat' dir='ltr'><strong>civitatibus</strong></span> <span class='ocrx_word' id='word_1_44' title='bbox 644 1542 721 1593; x_wconf 86' lang='lat' dir='ltr'><strong>circa</strong></span> <span class='ocrx_word' id='word_1_45' title='bbox 735 1541 869 1595; x_wconf 85' lang='lat' dir='ltr'><strong>Rhenum</strong></span> <span class='ocrx_word' id='word_1_46' title='bbox 887 1546 951 1596; x_wconf 88' lang='lat' dir='ltr'><strong>orta</strong></span> <span class='ocrx_word' id='word_1_47' title='bbox 962 1547 1014 1598; x_wconf 89' lang='lat' dir='ltr'><strong>est.</strong></span> <span class='ocrx_word' id='word_1_48' title='bbox 1033 1546 1227 1599; x_wconf 75' lang='lat' dir='ltr'><strong>surrexerunt</strong></span> <span class='ocrx_word' id='word_1_49' title='bbox 1242 1546 1413 1601; x_wconf 76' lang='lat' dir='ltr'><strong>adornantes</strong></span> 
     </span>
     <span class='ocr_line' id='line_1_8' title="bbox 192 1623 1414 1691; baseline 0.006 -15"><span class='ocrx_word' id='word_1_50' title='bbox 192 1625 319 1689; x_wconf 88' lang='lat' dir='ltr'><strong>quidam,</strong></span> <span class='ocrx_word' id='word_1_51' title='bbox 331 1623 460 1675; x_wconf 90' lang='lat' dir='ltr'><strong>homines</strong></span> <span class='ocrx_word' id='word_1_52' title='bbox 469 1624 623 1688; x_wconf 89' lang='lat' dir='ltr'><strong>promiscui</strong></span> <span class='ocrx_word' id='word_1_53' title='bbox 635 1638 719 1675; x_wconf 85' lang='lat' dir='ltr'><strong>sexus</strong></span> <span class='ocrx_word' id='word_1_54' title='bbox 735 1625 791 1676; x_wconf 84' lang='lat' dir='ltr'><strong>viri</strong></span> <span class='ocrx_word' id='word_1_55' title='bbox 802 1625 913 1678; x_wconf 90' lang='lat' dir='ltr'><strong>scilicet</strong></span> <span class='ocrx_word' id='word_1_56' title='bbox 924 1629 954 1679; x_wconf 90' lang='lat' dir='ltr'><strong>et</strong></span> <span class='ocrx_word' id='word_1_57' title='bbox 969 1627 1114 1691; x_wconf 87' lang='lat' dir='ltr'><strong>mulieres,</strong></span> <span class='ocrx_word' id='word_1_58' title='bbox 1128 1629 1169 1680; x_wconf 91' lang='lat' dir='ltr'><strong>sic</strong></span> <span class='ocrx_word' id='word_1_59' title='bbox 1187 1642 1204 1681; x_wconf 88' lang='lat' dir='ltr'><strong>a</strong></span> <span class='ocrx_word' id='word_1_60' title='bbox 1221 1629 1414 1683; x_wconf 69' lang='lat' dir='ltr'><strong>saltationibus</strong></span> 
     </span>
     <span class='ocr_line' id='line_1_9' title="bbox 190 1705 1416 1776; baseline 0.006 -17"><span class='ocrx_word' id='word_1_61' title='bbox 190 1709 250 1760; x_wconf 86' lang='lat' dir='ltr'><strong>suis</strong></span> <span class='ocrx_word' id='word_1_62' title='bbox 262 1706 410 1768; x_wconf 84' lang='lat' dir='ltr'><strong>nominati,</strong></span> <span class='ocrx_word' id='word_1_63' title='bbox 428 1706 477 1770; x_wconf 92' lang='lat' dir='ltr'><strong>qui</strong></span> <span class='ocrx_word' id='word_1_64' title='bbox 489 1718 569 1758; x_wconf 91' lang='lat' dir='ltr'><strong>more</strong></span> <span class='ocrx_word' id='word_1_65' title='bbox 578 1705 783 1758; x_wconf 83' lang='lat' dir='ltr'><strong>chorizantium</strong></span> <span class='ocrx_word' id='word_1_66' title='bbox 795 1707 937 1761; x_wconf 78' lang='lat' dir='ltr'><strong>saltabant</strong></span> <span class='ocrx_word' id='word_1_67' title='bbox 948 1711 977 1761; x_wconf 92' lang='lat' dir='ltr'><strong>et</strong></span> <span class='ocrx_word' id='word_1_68' title='bbox 985 1711 1100 1763; x_wconf 88' lang='lat' dir='ltr'><strong>tandem</strong></span> <span class='ocrx_word' id='word_1_69' title='bbox 1110 1712 1191 1776; x_wconf 88' lang='lat' dir='ltr'><strong>qnasi</strong></span> <span class='ocrx_word' id='word_1_70' title='bbox 1200 1713 1330 1766; x_wconf 77' lang='lat' dir='ltr'><strong>amentes</strong></span> <span class='ocrx_word' id='word_1_71' title='bbox 1341 1712 1416 1765; x_wconf 80' lang='lat' dir='ltr'><strong>cade</strong></span> 
     </span>
     <span class='ocr_line' id='line_1_10' title="bbox 190 1790 423 1842; baseline -0.004 -1"><span class='ocrx_word' id='word_1_72' title='bbox 190 1792 258 1842; x_wconf 90' lang='lat' dir='ltr'><strong>bant</strong></span> <span class='ocrx_word' id='word_1_73' title='bbox 270 1790 423 1841; x_wconf 89' lang='lat' dir='ltr'><strong>interram.</strong></span> 
     </span>
    </p>

    <p class='ocr_par' dir='ltr' id='par_1_6' title="bbox 189 1872 1419 2684">
     <span class='ocr_line' id='line_1_11' title="bbox 223 1872 1416 1939; baseline 0.006 -14"><span class='ocrx_word' id='word_1_74' title='bbox 223 1873 261 1925; x_wconf 83' lang='lat' dir='ltr'><strong>lli</strong></span> <span class='ocrx_word' id='word_1_75' title='bbox 281 1873 359 1925; x_wconf 91' lang='lat' dir='ltr'><strong>enim</strong></span> <span class='ocrx_word' id='word_1_76' title='bbox 378 1872 471 1938; x_wconf 91' lang='lat' dir='ltr'><strong>primo</strong></span> <span class='ocrx_word' id='word_1_77' title='bbox 483 1873 621 1925; x_wconf 80' lang='lat' dir='ltr'><strong>venerunt</strong></span> <span class='ocrx_word' id='word_1_78' title='bbox 643 1873 817 1939; x_wconf 74' lang='lat' dir='ltr'><strong>aquisgrani</strong></span> <span class='ocrx_word' id='word_1_79' title='bbox 841 1875 877 1925; x_wconf 90' lang='lat' dir='ltr'><strong>ad</strong></span> <span class='ocrx_word' id='word_1_80' title='bbox 899 1874 1107 1929; x_wconf 76' lang='lat' dir='ltr'><strong>dedicationem</strong></span> <span class='ocrx_word' id='word_1_81' title='bbox 1124 1877 1264 1931; x_wconf 87' lang='lat' dir='ltr'><strong>ecclesiae</strong></span> <span class='ocrx_word' id='word_1_82' title='bbox 1281 1877 1416 1931; x_wconf 84' lang='lat' dir='ltr'><strong>Dominae</strong></span> 
     </span>
     <span class='ocr_line' id='line_1_12' title="bbox 191 1952 1417 2020; baseline 0.002 -13"><span class='ocrx_word' id='word_1_83' title='bbox 191 1957 315 2017; x_wconf 87' lang='lat' dir='ltr'><strong>nostrae,</strong></span> <span class='ocrx_word' id='word_1_84' title='bbox 325 1954 374 2006; x_wconf 93' lang='lat' dir='ltr'><strong>ubi</strong></span> <span class='ocrx_word' id='word_1_85' title='bbox 392 1953 534 2006; x_wconf 83' lang='lat' dir='ltr'><strong>saltabant</strong></span> <span class='ocrx_word' id='word_1_86' title='bbox 550 1956 616 2006; x_wconf 89' lang='lat' dir='ltr'><strong>ante</strong></span> <span class='ocrx_word' id='word_1_87' title='bbox 631 1952 733 2019; x_wconf 80' lang='lat' dir='ltr'><strong>altare,</strong></span> <span class='ocrx_word' id='word_1_88' title='bbox 743 1953 831 2019; x_wconf 84' lang='lat' dir='ltr'><strong>aliqui</strong></span> <span class='ocrx_word' id='word_1_89' title='bbox 843 1969 933 2020; x_wconf 92' lang='lat' dir='ltr'><strong>usque</strong></span> <span class='ocrx_word' id='word_1_90' title='bbox 944 1957 980 2008; x_wconf 91' lang='lat' dir='ltr'><strong>ad</strong></span> <span class='ocrx_word' id='word_1_91' title='bbox 996 1956 1095 2009; x_wconf 89' lang='lat' dir='ltr'><strong>altaris</strong></span> <span class='ocrx_word' id='word_1_92' title='bbox 1107 1957 1298 2012; x_wconf 87' lang='lat' dir='ltr'><strong>altitudinem.</strong></span> <span class='ocrx_word' id='word_1_93' title='bbox 1310 1957 1417 2012; x_wconf 81' lang='lat' dir='ltr'><strong>Deinde</strong></span> 
     </span>
     <span class='ocr_line' id='line_1_13' title="bbox 191 2035 1418 2107; baseline 0.002 -18"><span class='ocrx_word' id='word_1_94' title='bbox 191 2051 277 2104; x_wconf 88' lang='lat' dir='ltr'><strong>super</strong></span> <span class='ocrx_word' id='word_1_95' title='bbox 285 2037 367 2090; x_wconf 86' lang='lat' dir='ltr'><strong>sedes</strong></span> <span class='ocrx_word' id='word_1_96' title='bbox 375 2037 533 2088; x_wconf 78' lang='lat' dir='ltr'><strong>residentes</strong></span> <span class='ocrx_word' id='word_1_97' title='bbox 544 2038 574 2088; x_wconf 90' lang='lat' dir='ltr'><strong>et</strong></span> <span class='ocrx_word' id='word_1_98' title='bbox 584 2035 636 2088; x_wconf 90' lang='lat' dir='ltr'><strong>hos</strong></span> <span class='ocrx_word' id='word_1_99' title='bbox 645 2035 734 2088; x_wconf 90' lang='lat' dir='ltr'><strong>saltus</strong></span> <span class='ocrx_word' id='word_1_100' title='bbox 742 2040 771 2088; x_wconf 91' lang='lat' dir='ltr'><strong>et</strong></span> <span class='ocrx_word' id='word_1_101' title='bbox 783 2052 864 2089; x_wconf 91' lang='lat' dir='ltr'><strong>casus</strong></span> <span class='ocrx_word' id='word_1_102' title='bbox 873 2039 915 2089; x_wconf 91' lang='lat' dir='ltr'><strong>sic</strong></span> <span class='ocrx_word' id='word_1_103' title='bbox 923 2053 976 2104; x_wconf 92' lang='lat' dir='ltr'><strong>per</strong></span> <span class='ocrx_word' id='word_1_104' title='bbox 986 2039 1106 2106; x_wconf 79' lang='lat' dir='ltr'><strong>longum</strong></span> <span class='ocrx_word' id='word_1_105' title='bbox 1115 2043 1227 2107; x_wconf 88' lang='lat' dir='ltr'><strong>tempus</strong></span> <span class='ocrx_word' id='word_1_106' title='bbox 1238 2041 1418 2094; x_wconf 79' lang='lat' dir='ltr'><strong>continuare·</strong></span> 
     </span>
     <span class='ocr_line' id='line_1_14' title="bbox 193 2119 1416 2188; baseline 0.004 -15"><span class='ocrx_word' id='word_1_107' title='bbox 193 2123 269 2184; x_wconf 86' lang='lat' dir='ltr'><strong>runt,</strong></span> <span class='ocrx_word' id='word_1_108' title='bbox 277 2119 318 2173; x_wconf 91' lang='lat' dir='ltr'><strong>ita</strong></span> <span class='ocrx_word' id='word_1_109' title='bbox 327 2121 402 2184; x_wconf 90' lang='lat' dir='ltr'><strong>quod</strong></span> <span class='ocrx_word' id='word_1_110' title='bbox 416 2119 531 2184; x_wconf 89' lang='lat' dir='ltr'><strong>quidam</strong></span> <span class='ocrx_word' id='word_1_111' title='bbox 543 2121 691 2185; x_wconf 76' lang='lat' dir='ltr'><strong>crepantes</strong></span> <span class='ocrx_word' id='word_1_112' title='bbox 703 2121 879 2184; x_wconf 87' lang='lat' dir='ltr'><strong>deiecerunt,</strong></span> <span class='ocrx_word' id='word_1_113' title='bbox 888 2122 1003 2186; x_wconf 87' lang='lat' dir='ltr'><strong>quidam</strong></span> <span class='ocrx_word' id='word_1_114' title='bbox 1015 2124 1102 2175; x_wconf 89' lang='lat' dir='ltr'><strong>etiam</strong></span> <span class='ocrx_word' id='word_1_115' title='bbox 1113 2124 1191 2177; x_wconf 86' lang='lat' dir='ltr'><strong>circa</strong></span> <span class='ocrx_word' id='word_1_116' title='bbox 1200 2127 1331 2177; x_wconf 70' lang='lat' dir='ltr'><strong>vanu-em</strong></span> <span class='ocrx_word' id='word_1_117' title='bbox 1341 2135 1416 2188; x_wconf 81' lang='lat' dir='ltr'><strong>map-</strong></span> 
     </span>
     <span class='ocr_line' id='line_1_15' title="bbox 189 2201 1417 2270; baseline -0.001 -15"><span class='ocrx_word' id='word_1_118' title='bbox 189 2203 233 2269; x_wconf 88' lang='lat' dir='ltr'><strong>pis</strong></span> <span class='ocrx_word' id='word_1_119' title='bbox 244 2201 372 2254; x_wconf 86' lang='lat' dir='ltr'><strong>destricti</strong></span> <span class='ocrx_word' id='word_1_120' title='bbox 385 2214 421 2253; x_wconf 92' lang='lat' dir='ltr'><strong>ne</strong></span> <span class='ocrx_word' id='word_1_121' title='bbox 430 2202 582 2265; x_wconf 88' lang='lat' dir='ltr'><strong>creperent</strong></span> <span class='ocrx_word' id='word_1_122' title='bbox 593 2202 791 2267; x_wconf 80' lang='lat' dir='ltr'><strong>cingebantur.</strong></span> <span class='ocrx_word' id='word_1_123' title='bbox 809 2201 1012 2268; x_wconf 81' lang='lat' dir='ltr'><strong>veneruntque</strong></span> <span class='ocrx_word' id='word_1_124' title='bbox 1024 2205 1058 2256; x_wconf 93' lang='lat' dir='ltr'><strong>ad</strong></span> <span class='ocrx_word' id='word_1_125' title='bbox 1071 2205 1236 2270; x_wconf 79' lang='lat' dir='ltr'><strong>&#39;l&#39;rajectum</strong></span> <span class='ocrx_word' id='word_1_126' title='bbox 1246 2204 1380 2270; x_wconf 87' lang='lat' dir='ltr'><strong>superins</strong></span> <span class='ocrx_word' id='word_1_127' title='bbox 1390 2204 1417 2256; x_wconf 87' lang='lat' dir='ltr'><strong>et</strong></span> 
     </span>
     <span class='ocr_line' id='line_1_16' title="bbox 191 2283 1419 2354; baseline 0 -17"><span class='ocrx_word' id='word_1_128' title='bbox 191 2285 328 2338; x_wconf 89' lang='lat' dir='ltr'><strong>Leodium</strong></span> <span class='ocrx_word' id='word_1_129' title='bbox 341 2297 374 2336; x_wconf 89' lang='lat' dir='ltr'><strong>ac</strong></span> <span class='ocrx_word' id='word_1_130' title='bbox 386 2283 457 2335; x_wconf 87' lang='lat' dir='ltr'><strong>alias</strong></span> <span class='ocrx_word' id='word_1_131' title='bbox 469 2283 608 2344; x_wconf 63' lang='lat' dir='ltr'><strong>civimtos,</strong></span> <span class='ocrx_word' id='word_1_132' title='bbox 621 2286 650 2335; x_wconf 89' lang='lat' dir='ltr'><strong>et</strong></span> <span class='ocrx_word' id='word_1_133' title='bbox 659 2285 799 2349; x_wconf 85' lang='lat' dir='ltr'><strong>capitibus</strong></span> <span class='ocrx_word' id='word_1_134' title='bbox 811 2286 871 2337; x_wconf 88' lang='lat' dir='ltr'><strong>suis</strong></span> <span class='ocrx_word' id='word_1_135' title='bbox 888 2286 1038 2338; x_wconf 89' lang='lat' dir='ltr'><strong>denudatis</strong></span> <span class='ocrx_word' id='word_1_136' title='bbox 1049 2288 1126 2339; x_wconf 90' lang='lat' dir='ltr'><strong>serta</strong></span> <span class='ocrx_word' id='word_1_137' title='bbox 1138 2287 1279 2354; x_wconf 81' lang='lat' dir='ltr'><strong>quaedam</strong></span> <span class='ocrx_word' id='word_1_138' title='bbox 1289 2286 1419 2340; x_wconf 80' lang='lat' dir='ltr'><strong>terebant</strong></span> 
     </span>
     <span class='ocr_line' id='line_1_17' title="bbox 189 2367 1417 2436; baseline 0 -15"><span class='ocrx_word' id='word_1_139' title='bbox 189 2370 218 2421; x_wconf 91' lang='lat' dir='ltr'><strong>et</strong></span> <span class='ocrx_word' id='word_1_140' title='bbox 229 2367 381 2429; x_wconf 88' lang='lat' dir='ltr'><strong>saltabant,</strong></span> <span class='ocrx_word' id='word_1_141' title='bbox 403 2367 515 2432; x_wconf 90' lang='lat' dir='ltr'><strong>saepius</strong></span> <span class='ocrx_word' id='word_1_142' title='bbox 535 2380 566 2418; x_wconf 91' lang='lat' dir='ltr'><strong>se</strong></span> <span class='ocrx_word' id='word_1_143' title='bbox 583 2367 660 2431; x_wconf 90' lang='lat' dir='ltr'><strong>ipsos</strong></span> <span class='ocrx_word' id='word_1_144' title='bbox 676 2367 828 2419; x_wconf 91' lang='lat' dir='ltr'><strong>animando</strong></span> <span class='ocrx_word' id='word_1_145' title='bbox 845 2368 990 2421; x_wconf 90' lang='lat' dir='ltr'><strong>dicentes:</strong></span> <span class='ocrx_word' id='word_1_146' title='bbox 1016 2367 1138 2435; x_wconf 61' lang='lat' dir='ltr'><strong>Meci,</strong></span> <span class='ocrx_word' id='word_1_147' title='bbox 1162 2367 1286 2436; x_wconf 58' lang='lat' dir='ltr'><strong>mach.</strong></span> <span class='ocrx_word' id='word_1_148' title='bbox 1299 2369 1337 2421; x_wconf 74' lang='lat' dir='ltr'><strong>lit</strong></span> <span class='ocrx_word' id='word_1_149' title='bbox 1348 2367 1417 2421; x_wconf 89' lang='lat' dir='ltr'><strong>nibil</strong></span> 
     </span>
     <span class='ocr_line' id='line_1_18' title="bbox 189 2448 1418 2519; baseline 0 -15"><span class='ocrx_word' id='word_1_150' title='bbox 189 2451 267 2504; x_wconf 88' lang='lat' dir='ltr'><strong>aliud</strong></span> <span class='ocrx_word' id='word_1_151' title='bbox 279 2450 408 2503; x_wconf 90' lang='lat' dir='ltr'><strong>addendo</strong></span> <span class='ocrx_word' id='word_1_152' title='bbox 420 2450 500 2501; x_wconf 90' lang='lat' dir='ltr'><strong>ibant</strong></span> <span class='ocrx_word' id='word_1_153' title='bbox 511 2451 607 2501; x_wconf 85' lang='lat' dir='ltr'><strong>autem</strong></span> <span class='ocrx_word' id='word_1_154' title='bbox 624 2449 659 2501; x_wconf 90' lang='lat' dir='ltr'><strong>ad</strong></span> <span class='ocrx_word' id='word_1_155' title='bbox 671 2448 806 2502; x_wconf 90' lang='lat' dir='ltr'><strong>ecclesias</strong></span> <span class='ocrx_word' id='word_1_156' title='bbox 830 2452 896 2503; x_wconf 90' lang='lat' dir='ltr'><strong>ante</strong></span> <span class='ocrx_word' id='word_1_157' title='bbox 914 2450 1017 2503; x_wconf 91' lang='lat' dir='ltr'><strong>altaria</strong></span> <span class='ocrx_word' id='word_1_158' title='bbox 1036 2454 1065 2504; x_wconf 90' lang='lat' dir='ltr'><strong>et</strong></span> <span class='ocrx_word' id='word_1_159' title='bbox 1083 2454 1149 2504; x_wconf 92' lang='lat' dir='ltr'><strong>ante</strong></span> <span class='ocrx_word' id='word_1_160' title='bbox 1165 2452 1308 2519; x_wconf 75' lang='lat' dir='ltr'><strong>imag&#39;rnes</strong></span> <span class='ocrx_word' id='word_1_161' title='bbox 1319 2452 1418 2503; x_wconf 61' lang='lat' dir='ltr'><strong>boam</strong></span> 
     </span>
     <span class='ocr_line' id='line_1_19' title="bbox 189 2530 1416 2601; baseline -0.001 -15"><span class='ocrx_word' id='word_1_162' title='bbox 189 2535 297 2586; x_wconf 84' lang='lat' dir='ltr'><strong>Mariae</strong></span> <span class='ocrx_word' id='word_1_163' title='bbox 305 2533 433 2599; x_wconf 80' lang='lat' dir='ltr'><strong>Virginis</strong></span> <span class='ocrx_word' id='word_1_164' title='bbox 442 2532 483 2584; x_wconf 91' lang='lat' dir='ltr'><strong>sic</strong></span> <span class='ocrx_word' id='word_1_165' title='bbox 494 2532 598 2583; x_wconf 88' lang='lat' dir='ltr'><strong>ibidem</strong></span> <span class='ocrx_word' id='word_1_166' title='bbox 610 2530 796 2595; x_wconf 85' lang='lat' dir='ltr'><strong>chorizantes,</strong></span> <span class='ocrx_word' id='word_1_167' title='bbox 809 2536 838 2584; x_wconf 89' lang='lat' dir='ltr'><strong>et</strong></span> <span class='ocrx_word' id='word_1_168' title='bbox 849 2533 933 2585; x_wconf 89' lang='lat' dir='ltr'><strong>multi</strong></span> <span class='ocrx_word' id='word_1_169' title='bbox 944 2547 977 2586; x_wconf 92' lang='lat' dir='ltr'><strong>ac</strong></span> <span class='ocrx_word' id='word_1_170' title='bbox 994 2533 1101 2587; x_wconf 90' lang='lat' dir='ltr'><strong>multae</strong></span> <span class='ocrx_word' id='word_1_171' title='bbox 1118 2535 1233 2588; x_wconf 88' lang='lat' dir='ltr'><strong>eosdem</strong></span> <span class='ocrx_word' id='word_1_172' title='bbox 1246 2534 1416 2601; x_wconf 86' lang='lat' dir='ltr'><strong>aspicientes</strong></span> 
     </span>
     <span class='ocr_line' id='line_1_20' title="bbox 189 2617 1061 2684; baseline -0.002 -13"><span class='ocrx_word' id='word_1_173' title='bbox 189 2619 403 2671; x_wconf 88' lang='lat' dir='ltr'><strong>associebantur</strong></span> <span class='ocrx_word' id='word_1_174' title='bbox 415 2620 444 2669; x_wconf 89' lang='lat' dir='ltr'><strong>et</strong></span> <span class='ocrx_word' id='word_1_175' title='bbox 455 2617 554 2670; x_wconf 89' lang='lat' dir='ltr'><strong>eadem</strong></span> <span class='ocrx_word' id='word_1_176' title='bbox 566 2617 699 2681; x_wconf 84' lang='lat' dir='ltr'><strong>passione</strong></span> <span class='ocrx_word' id='word_1_177' title='bbox 711 2618 808 2669; x_wconf 90' lang='lat' dir='ltr'><strong>statim</strong></span> <span class='ocrx_word' id='word_1_178' title='bbox 820 2619 1061 2684; x_wconf 81' lang='lat' dir='ltr'><strong>aggravabantur.</strong></span> 
     </span>
    </p>

    <p class='ocr_par' dir='ltr' id='par_1_7' title="bbox 186 2698 1417 3333">
     <span class='ocr_line' id='line_1_21' title="bbox 221 2698 1416 2765; baseline -0.002 -13"><span class='ocrx_word' id='word_1_179' title='bbox 221 2700 377 2752; x_wconf 85' lang='lat' dir='ltr'><strong>Tandema</strong></span> <span class='ocrx_word' id='word_1_180' title='bbox 394 2699 569 2765; x_wconf 88' lang='lat' dir='ltr'><strong>sapientibus</strong></span> <span class='ocrx_word' id='word_1_181' title='bbox 580 2701 757 2763; x_wconf 89' lang='lat' dir='ltr'><strong>compertum</strong></span> <span class='ocrx_word' id='word_1_182' title='bbox 777 2700 829 2761; x_wconf 86' lang='lat' dir='ltr'><strong>est,</strong></span> <span class='ocrx_word' id='word_1_183' title='bbox 842 2700 918 2764; x_wconf 93' lang='lat' dir='ltr'><strong>quod</strong></span> <span class='ocrx_word' id='word_1_184' title='bbox 935 2699 966 2750; x_wconf 93' lang='lat' dir='ltr'><strong>hi</strong></span> <span class='ocrx_word' id='word_1_185' title='bbox 978 2712 996 2751; x_wconf 93' lang='lat' dir='ltr'><strong>a</strong></span> <span class='ocrx_word' id='word_1_186' title='bbox 1006 2701 1192 2752; x_wconf 87' lang='lat' dir='ltr'><strong>daemonibus</strong></span> <span class='ocrx_word' id='word_1_187' title='bbox 1210 2700 1294 2752; x_wconf 86' lang='lat' dir='ltr'><strong>orant</strong></span> <span class='ocrx_word' id='word_1_188' title='bbox 1311 2698 1416 2750; x_wconf 79' lang='lat' dir='ltr'><strong>obsesu</strong></span> 
     </span>
     <span class='ocr_line' id='line_1_22' title="bbox 187 2781 1416 2850; baseline -0.004 -14"><span class='ocrx_word' id='word_1_189' title='bbox 187 2786 237 2836; x_wconf 92' lang='lat' dir='ltr'><strong>aut</strong></span> <span class='ocrx_word' id='word_1_190' title='bbox 248 2784 364 2849; x_wconf 81' lang='lat' dir='ltr'><strong>arrepti,</strong></span> <span class='ocrx_word' id='word_1_191' title='bbox 374 2784 404 2835; x_wconf 90' lang='lat' dir='ltr'><strong>et</strong></span> <span class='ocrx_word' id='word_1_192' title='bbox 420 2781 505 2834; x_wconf 89' lang='lat' dir='ltr'><strong>multi</strong></span> <span class='ocrx_word' id='word_1_193' title='bbox 520 2795 556 2833; x_wconf 85' lang='lat' dir='ltr'><strong>ex</strong></span> <span class='ocrx_word' id='word_1_194' title='bbox 567 2782 609 2834; x_wconf 91' lang='lat' dir='ltr'><strong>eis</strong></span> <span class='ocrx_word' id='word_1_195' title='bbox 620 2795 673 2847; x_wconf 90' lang='lat' dir='ltr'><strong>per</strong></span> <span class='ocrx_word' id='word_1_196' title='bbox 684 2783 839 2834; x_wconf 86' lang='lat' dir='ltr'><strong>exorcistos</strong></span> <span class='ocrx_word' id='word_1_197' title='bbox 856 2797 921 2834; x_wconf 91' lang='lat' dir='ltr'><strong>cum</strong></span> <span class='ocrx_word' id='word_1_198' title='bbox 930 2782 1122 2850; x_wconf 76' lang='lat' dir='ltr'><strong>jurationibus</strong></span> <span class='ocrx_word' id='word_1_199' title='bbox 1139 2784 1169 2835; x_wconf 91' lang='lat' dir='ltr'><strong>et</strong></span> <span class='ocrx_word' id='word_1_200' title='bbox 1185 2781 1368 2833; x_wconf 88' lang='lat' dir='ltr'><strong>orationibus</strong></span> <span class='ocrx_word' id='word_1_201' title='bbox 1385 2793 1416 2831; x_wconf 84' lang='lat' dir='ltr'><strong>ac</strong></span> 
     </span>
     <span class='ocr_line' id='line_1_23' title="bbox 187 2861 1417 2932; baseline -0.004 -14"><span class='ocrx_word' id='word_1_202' title='bbox 187 2865 344 2932; x_wconf 80' lang='lat' dir='ltr'><strong>Evangelio</strong></span> <span class='ocrx_word' id='word_1_203' title='bbox 354 2865 381 2918; x_wconf 88' lang='lat' dir='ltr'><strong>S.</strong></span> <span class='ocrx_word' id='word_1_204' title='bbox 393 2866 412 2918; x_wconf 81' lang='lat' dir='ltr'>J</span> <span class='ocrx_word' id='word_1_205' title='bbox 414 2865 524 2926; x_wconf 90' lang='lat' dir='ltr'><strong>oannis,</strong></span> <span class='ocrx_word' id='word_1_206' title='bbox 537 2865 654 2915; x_wconf 90' lang='lat' dir='ltr'><strong>circiter</strong></span> <span class='ocrx_word' id='word_1_207' title='bbox 662 2865 719 2916; x_wconf 92' lang='lat' dir='ltr'><strong>tria</strong></span> <span class='ocrx_word' id='word_1_208' title='bbox 730 2864 811 2917; x_wconf 91' lang='lat' dir='ltr'><strong>milia</strong></span> <span class='ocrx_word' id='word_1_209' title='bbox 822 2866 853 2916; x_wconf 91' lang='lat' dir='ltr'><strong>in</strong></span> <span class='ocrx_word' id='word_1_210' title='bbox 862 2866 981 2916; x_wconf 86' lang='lat' dir='ltr'><strong>diversis</strong></span> <span class='ocrx_word' id='word_1_211' title='bbox 991 2865 1072 2927; x_wconf 81' lang='lat' dir='ltr'><strong>locis,</strong></span> <span class='ocrx_word' id='word_1_212' title='bbox 1083 2865 1172 2930; x_wconf 87' lang='lat' dir='ltr'><strong>aliqui</strong></span> <span class='ocrx_word' id='word_1_213' title='bbox 1184 2863 1277 2916; x_wconf 84' lang='lat' dir='ltr'><strong>levius</strong></span> <span class='ocrx_word' id='word_1_214' title='bbox 1288 2864 1318 2915; x_wconf 87' lang='lat' dir='ltr'><strong>et</strong></span> <span class='ocrx_word' id='word_1_215' title='bbox 1329 2861 1417 2927; x_wconf 89' lang='lat' dir='ltr'><strong>aliqui</strong></span> 
     </span>
     <span class='ocr_line' id='line_1_24' title="bbox 187 2945 1417 3014; baseline -0.002 -15"><span class='ocrx_word' id='word_1_216' title='bbox 187 2947 331 3000; x_wconf 86' lang='lat' dir='ltr'><strong>difficilius</strong></span> <span class='ocrx_word' id='word_1_217' title='bbox 348 2948 465 2999; x_wconf 80' lang='lat' dir='ltr'><strong>fuerunt</strong></span> <span class='ocrx_word' id='word_1_218' title='bbox 476 2946 578 3007; x_wconf 87' lang='lat' dir='ltr'><strong>sanati,</strong></span> <span class='ocrx_word' id='word_1_219' title='bbox 592 2949 622 2998; x_wconf 89' lang='lat' dir='ltr'><strong>et</strong></span> <span class='ocrx_word' id='word_1_220' title='bbox 639 2946 680 2997; x_wconf 91' lang='lat' dir='ltr'><strong>sic</strong></span> <span class='ocrx_word' id='word_1_221' title='bbox 691 2949 790 3012; x_wconf 86' lang='lat' dir='ltr'><strong>postea</strong></span> <span class='ocrx_word' id='word_1_222' title='bbox 808 2946 860 2999; x_wconf 91' lang='lat' dir='ltr'><strong>illa</strong></span> <span class='ocrx_word' id='word_1_223' title='bbox 875 2947 962 3014; x_wconf 82' lang='lat' dir='ltr'><strong>plaga</strong></span> <span class='ocrx_word' id='word_1_224' title='bbox 973 2948 1087 2998; x_wconf 86' lang='lat' dir='ltr'><strong>deiecit.</strong></span> <span class='ocrx_word' id='word_1_225' title='bbox 1101 2947 1221 3008; x_wconf 84' lang='lat' dir='ltr'><strong>Quando</strong></span> <span class='ocrx_word' id='word_1_226' title='bbox 1233 2948 1330 2998; x_wconf 84' lang='lat' dir='ltr'><strong>autem</strong></span> <span class='ocrx_word' id='word_1_227' title='bbox 1348 2945 1417 2996; x_wconf 89' lang='lat' dir='ltr'><strong>dae-</strong></span> 
     </span>
     <span class='ocr_line' id='line_1_25' title="bbox 187 3026 1414 3094; baseline -0.005 -13"><span class='ocrx_word' id='word_1_228' title='bbox 187 3043 253 3081; x_wconf 90' lang='lat' dir='ltr'><strong>mon</strong></span> <span class='ocrx_word' id='word_1_229' title='bbox 266 3029 435 3081; x_wconf 83' lang='lat' dir='ltr'><strong>ascendebat</strong></span> <span class='ocrx_word' id='word_1_230' title='bbox 452 3029 482 3079; x_wconf 94' lang='lat' dir='ltr'><strong>in</strong></span> <span class='ocrx_word' id='word_1_231' title='bbox 501 3029 628 3093; x_wconf 88' lang='lat' dir='ltr'><strong>ipsorum</strong></span> <span class='ocrx_word' id='word_1_232' title='bbox 640 3030 781 3090; x_wconf 88' lang='lat' dir='ltr'><strong>cruribus,</strong></span> <span class='ocrx_word' id='word_1_233' title='bbox 796 3031 864 3080; x_wconf 90' lang='lat' dir='ltr'><strong>tnnc</strong></span> <span class='ocrx_word' id='word_1_234' title='bbox 877 3043 934 3080; x_wconf 91' lang='lat' dir='ltr'><strong>non</strong></span> <span class='ocrx_word' id='word_1_235' title='bbox 948 3030 1082 3094; x_wconf 88' lang='lat' dir='ltr'><strong>poterant</strong></span> <span class='ocrx_word' id='word_1_236' title='bbox 1093 3041 1125 3081; x_wconf 91' lang='lat' dir='ltr'><strong>se</strong></span> <span class='ocrx_word' id='word_1_237' title='bbox 1136 3041 1154 3080; x_wconf 93' lang='lat' dir='ltr'><strong>a</strong></span> <span class='ocrx_word' id='word_1_238' title='bbox 1164 3026 1239 3080; x_wconf 92' lang='lat' dir='ltr'><strong>saltu</strong></span> <span class='ocrx_word' id='word_1_239' title='bbox 1257 3026 1414 3078; x_wconf 87' lang='lat' dir='ltr'><strong>continere.</strong></span> 
     </span>
     <span class='ocr_line' id='line_1_26' title="bbox 187 3110 1416 3177; baseline -0.005 -11"><span class='ocrx_word' id='word_1_240' title='bbox 187 3114 262 3166; x_wconf 88' lang='lat' dir='ltr'><strong>Dum</strong></span> <span class='ocrx_word' id='word_1_241' title='bbox 273 3126 341 3165; x_wconf 84' lang='lat' dir='ltr'><strong>vero</strong></span> <span class='ocrx_word' id='word_1_242' title='bbox 353 3113 383 3164; x_wconf 94' lang='lat' dir='ltr'><strong>in</strong></span> <span class='ocrx_word' id='word_1_243' title='bbox 395 3114 522 3165; x_wconf 84' lang='lat' dir='ltr'><strong>ventrem</strong></span> <span class='ocrx_word' id='word_1_244' title='bbox 535 3112 676 3174; x_wconf 86' lang='lat' dir='ltr'><strong>veniebat,</strong></span> <span class='ocrx_word' id='word_1_245' title='bbox 686 3113 748 3164; x_wconf 92' lang='lat' dir='ltr'><strong>dire</strong></span> <span class='ocrx_word' id='word_1_246' title='bbox 759 3113 966 3177; x_wconf 89' lang='lat' dir='ltr'><strong>torquebantur</strong></span> <span class='ocrx_word' id='word_1_247' title='bbox 977 3113 1007 3163; x_wconf 92' lang='lat' dir='ltr'><strong>et</strong></span> <span class='ocrx_word' id='word_1_248' title='bbox 1015 3110 1185 3163; x_wconf 88' lang='lat' dir='ltr'><strong>horribilem</strong></span> <span class='ocrx_word' id='word_1_249' title='bbox 1197 3111 1259 3161; x_wconf 91' lang='lat' dir='ltr'><strong>tum</strong></span> <span class='ocrx_word' id='word_1_250' title='bbox 1271 3110 1416 3175; x_wconf 86' lang='lat' dir='ltr'><strong>aspectum</strong></span> 
     </span>
     <span class='ocr_line' id='line_1_27' title="bbox 186 3191 1417 3260; baseline -0.006 -12"><span class='ocrx_word' id='word_1_251' title='bbox 186 3195 337 3250; x_wconf 88' lang='lat' dir='ltr'><strong>habebant.</strong></span> <span class='ocrx_word' id='word_1_252' title='bbox 352 3195 510 3260; x_wconf 77' lang='lat' dir='ltr'><strong>Aliquando</strong></span> <span class='ocrx_word' id='word_1_253' title='bbox 522 3208 596 3246; x_wconf 88' lang='lat' dir='ltr'><strong>unus</strong></span> <span class='ocrx_word' id='word_1_254' title='bbox 608 3195 657 3245; x_wconf 89' lang='lat' dir='ltr'><strong>aut</strong></span> <span class='ocrx_word' id='word_1_255' title='bbox 668 3206 726 3245; x_wconf 93' lang='lat' dir='ltr'><strong>una</strong></span> <span class='ocrx_word' id='word_1_256' title='bbox 737 3193 853 3244; x_wconf 90' lang='lat' dir='ltr'><strong>illorum</strong></span> <span class='ocrx_word' id='word_1_257' title='bbox 864 3207 951 3258; x_wconf 89' lang='lat' dir='ltr'><strong>super</strong></span> <span class='ocrx_word' id='word_1_258' title='bbox 961 3194 1092 3260; x_wconf 88' lang='lat' dir='ltr'><strong>scapulas</strong></span> <span class='ocrx_word' id='word_1_259' title='bbox 1105 3191 1224 3245; x_wconf 83' lang='lat' dir='ltr'><strong>alterins</strong></span> <span class='ocrx_word' id='word_1_260' title='bbox 1241 3191 1373 3244; x_wconf 84' lang='lat' dir='ltr'><strong>ascendit</strong></span> <span class='ocrx_word' id='word_1_261' title='bbox 1388 3191 1417 3241; x_wconf 86' lang='lat' dir='ltr'><strong>et</strong></span> 
     </span>
     <span class='ocr_line' id='line_1_28' title="bbox 187 3277 694 3333; baseline -0.006 -2"><span class='ocrx_word' id='word_1_262' title='bbox 187 3294 218 3332; x_wconf 91' lang='lat' dir='ltr'><strong>se</strong></span> <span class='ocrx_word' id='word_1_263' title='bbox 229 3281 259 3332; x_wconf 92' lang='lat' dir='ltr'><strong>in</strong></span> <span class='ocrx_word' id='word_1_264' title='bbox 271 3284 338 3333; x_wconf 73' lang='lat' dir='ltr'><strong>aere</strong></span> <span class='ocrx_word' id='word_1_265' title='bbox 346 3278 492 3331; x_wconf 90' lang='lat' dir='ltr'><strong>mirabilia</strong></span> <span class='ocrx_word' id='word_1_266' title='bbox 503 3279 601 3331; x_wconf 86' lang='lat' dir='ltr'><strong>videre</strong></span> <span class='ocrx_word' id='word_1_267' title='bbox 613 3277 694 3329; x_wconf 86' lang='lat' dir='ltr'><strong>dixit.</strong></span> 
     </span>
    </p>

    <p class='ocr_par' dir='ltr' id='par_1_8' title="bbox 184 3352 1416 3660">
     <span class='ocr_line' id='line_1_29' title="bbox 220 3352 1416 3435; baseline -0.007 -23"><span class='ocrx_word' id='word_1_268' title='bbox 220 3360 303 3413; x_wconf 88' lang='lat' dir='ltr'><strong>Multi</strong></span> <span class='ocrx_word' id='word_1_269' title='bbox 314 3359 387 3413; x_wconf 86' lang='lat' dir='ltr'><strong>tales</strong></span> <span class='ocrx_word' id='word_1_270' title='bbox 404 3374 514 3435; x_wconf 88' lang='lat' dir='ltr'><strong>summo</strong></span> <span class='ocrx_word' id='word_1_271' title='bbox 530 3373 614 3412; x_wconf 90' lang='lat' dir='ltr'><strong>mane</strong></span> <span class='ocrx_word' id='word_1_272' title='bbox 628 3362 693 3411; x_wconf 87' lang='lat' dir='ltr'><strong>anto</strong></span> <span class='ocrx_word' id='word_1_273' title='bbox 705 3361 810 3412; x_wconf 77' lang='lat' dir='ltr'><strong>testum</strong></span> <span class='ocrx_word' id='word_1_274' title='bbox 831 3359 958 3410; x_wconf 91' lang='lat' dir='ltr'><strong>omnium</strong></span> <span class='ocrx_word' id='word_1_275' title='bbox 976 3359 1139 3410; x_wconf 86' lang='lat' dir='ltr'><strong>sanctorum</strong></span> <span class='ocrx_word' id='word_1_276' title='bbox 1150 3354 1235 3407; x_wconf 88' lang='lat' dir='ltr'><strong>simul</strong></span> <span class='ocrx_word' id='word_1_277' title='bbox 1247 3352 1416 3421; x_wconf 78' lang='lat' dir='ltr'><strong>congregati</strong></span> 
     </span>
     <span class='ocr_line' id='line_1_30' title="bbox 186 3435 1415 3507; baseline -0.006 -12"><span class='ocrx_word' id='word_1_278' title='bbox 186 3444 217 3495; x_wconf 92' lang='lat' dir='ltr'><strong>in</strong></span> <span class='ocrx_word' id='word_1_279' title='bbox 225 3443 344 3496; x_wconf 86' lang='lat' dir='ltr'><strong>consilio</strong></span> <span class='ocrx_word' id='word_1_280' title='bbox 354 3457 405 3495; x_wconf 91' lang='lat' dir='ltr'><strong>suo</strong></span> <span class='ocrx_word' id='word_1_281' title='bbox 415 3443 613 3505; x_wconf 86' lang='lat' dir='ltr'><strong>decreverunt,</strong></span> <span class='ocrx_word' id='word_1_282' title='bbox 632 3443 707 3507; x_wconf 91' lang='lat' dir='ltr'><strong>quod</strong></span> <span class='ocrx_word' id='word_1_283' title='bbox 719 3443 749 3493; x_wconf 91' lang='lat' dir='ltr'><strong>in</strong></span> <span class='ocrx_word' id='word_1_284' title='bbox 767 3444 814 3495; x_wconf 92' lang='lat' dir='ltr'><strong>die</strong></span> <span class='ocrx_word' id='word_1_285' title='bbox 835 3443 961 3493; x_wconf 89' lang='lat' dir='ltr'><strong>omnium</strong></span> <span class='ocrx_word' id='word_1_286' title='bbox 974 3445 1138 3494; x_wconf 90' lang='lat' dir='ltr'><strong>sauctorum</strong></span> <span class='ocrx_word' id='word_1_287' title='bbox 1149 3450 1247 3490; x_wconf 90' lang='lat' dir='ltr'><strong>omnes</strong></span> <span class='ocrx_word' id='word_1_288' title='bbox 1258 3437 1373 3502; x_wconf 88' lang='lat' dir='ltr'><strong>pariter</strong></span> <span class='ocrx_word' id='word_1_289' title='bbox 1381 3435 1415 3488; x_wconf 84' lang='lat' dir='ltr'><strong>ad</strong></span> 
     </span>
     <span class='ocr_line' id='line_1_31' title="bbox 185 3519 1416 3585; baseline -0.006 -6"><span class='ocrx_word' id='word_1_290' title='bbox 185 3524 335 3579; x_wconf 86' lang='lat' dir='ltr'><strong>ecclesiam</strong></span> <span class='ocrx_word' id='word_1_291' title='bbox 346 3526 437 3579; x_wconf 87' lang='lat' dir='ltr'><strong>sancti</strong></span> <span class='ocrx_word' id='word_1_292' title='bbox 457 3526 602 3578; x_wconf 81' lang='lat' dir='ltr'><strong>lamberti</strong></span> <span class='ocrx_word' id='word_1_293' title='bbox 623 3527 652 3577; x_wconf 93' lang='lat' dir='ltr'><strong>in</strong></span> <span class='ocrx_word' id='word_1_294' title='bbox 673 3526 780 3578; x_wconf 89' lang='lat' dir='ltr'><strong>Leodio</strong></span> <span class='ocrx_word' id='word_1_295' title='bbox 801 3525 987 3577; x_wconf 86' lang='lat' dir='ltr'><strong>convenirent</strong></span> <span class='ocrx_word' id='word_1_296' title='bbox 998 3526 1027 3576; x_wconf 89' lang='lat' dir='ltr'><strong>et</strong></span> <span class='ocrx_word' id='word_1_297' title='bbox 1039 3526 1106 3574; x_wconf 90' lang='lat' dir='ltr'><strong>tunc</strong></span> <span class='ocrx_word' id='word_1_298' title='bbox 1123 3533 1222 3573; x_wconf 87' lang='lat' dir='ltr'><strong>omnes</strong></span> <span class='ocrx_word' id='word_1_299' title='bbox 1233 3519 1416 3585; x_wconf 78' lang='lat' dir='ltr'><strong>presbyteros</strong></span> 
     </span>
     <span class='ocr_line' id='line_1_32' title="bbox 184 3607 474 3660; baseline 0.003 -3"><span class='ocrx_word' id='word_1_300' title='bbox 184 3607 292 3659; x_wconf 89' lang='lat' dir='ltr'><strong>ibidem</strong></span> <span class='ocrx_word' id='word_1_301' title='bbox 303 3608 474 3660; x_wconf 86' lang='lat' dir='ltr'><strong>occiderent.</strong></span> 
     </span>
    </p>

    <p class='ocr_par' dir='ltr' id='par_1_9' title="bbox 182 3683 1414 4172">
     <span class='ocr_line' id='line_1_33' title="bbox 217 3683 1413 3755; baseline -0.007 -12"><span class='ocrx_word' id='word_1_302' title='bbox 217 3690 273 3743; x_wconf 88' lang='lat' dir='ltr'><strong>Sed</strong></span> <span class='ocrx_word' id='word_1_303' title='bbox 297 3689 371 3743; x_wconf 89' lang='lat' dir='ltr'><strong>Deus</strong></span> <span class='ocrx_word' id='word_1_304' title='bbox 393 3691 490 3742; x_wconf 89' lang='lat' dir='ltr'><strong>omnia</strong></span> <span class='ocrx_word' id='word_1_305' title='bbox 505 3691 630 3743; x_wconf 85' lang='lat' dir='ltr'><strong>suaviter</strong></span> <span class='ocrx_word' id='word_1_306' title='bbox 651 3691 803 3755; x_wconf 89' lang='lat' dir='ltr'><strong>disponens</strong></span> <span class='ocrx_word' id='word_1_307' title='bbox 826 3689 880 3740; x_wconf 91' lang='lat' dir='ltr'><strong>hoc</strong></span> <span class='ocrx_word' id='word_1_308' title='bbox 898 3689 1054 3754; x_wconf 83' lang='lat' dir='ltr'><strong>impedivit.</strong></span> <span class='ocrx_word' id='word_1_309' title='bbox 1079 3687 1159 3739; x_wconf 88' lang='lat' dir='ltr'><strong>Unus</strong></span> <span class='ocrx_word' id='word_1_310' title='bbox 1186 3684 1275 3738; x_wconf 87' lang='lat' dir='ltr'><strong>etiam</strong></span> <span class='ocrx_word' id='word_1_311' title='bbox 1294 3683 1413 3736; x_wconf 86' lang='lat' dir='ltr'><strong>daemon</strong></span> 
     </span>
     <span class='ocr_line' id='line_1_34' title="bbox 184 3765 1414 3838; baseline -0.007 -14"><span class='ocrx_word' id='word_1_312' title='bbox 184 3771 300 3824; x_wconf 87' lang='lat' dir='ltr'><strong>illorum</strong></span> <span class='ocrx_word' id='word_1_313' title='bbox 312 3773 458 3838; x_wconf 88' lang='lat' dir='ltr'><strong>adjuratus</strong></span> <span class='ocrx_word' id='word_1_314' title='bbox 470 3775 502 3826; x_wconf 93' lang='lat' dir='ltr'><strong>nt</strong></span> <span class='ocrx_word' id='word_1_315' title='bbox 512 3773 621 3825; x_wconf 89' lang='lat' dir='ltr'><strong>diceret</strong></span> <span class='ocrx_word' id='word_1_316' title='bbox 632 3787 684 3825; x_wconf 90' lang='lat' dir='ltr'><strong>cur</strong></span> <span class='ocrx_word' id='word_1_317' title='bbox 695 3772 796 3824; x_wconf 91' lang='lat' dir='ltr'><strong>talium</strong></span> <span class='ocrx_word' id='word_1_318' title='bbox 805 3785 964 3838; x_wconf 89' lang='lat' dir='ltr'><strong>pauperum</strong></span> <span class='ocrx_word' id='word_1_319' title='bbox 976 3773 1005 3823; x_wconf 89' lang='lat' dir='ltr'><strong>et</strong></span> <span class='ocrx_word' id='word_1_320' title='bbox 1023 3785 1078 3821; x_wconf 91' lang='lat' dir='ltr'><strong>non</strong></span> <span class='ocrx_word' id='word_1_321' title='bbox 1096 3769 1216 3820; x_wconf 88' lang='lat' dir='ltr'><strong>divitum</strong></span> <span class='ocrx_word' id='word_1_322' title='bbox 1231 3767 1283 3817; x_wconf 88' lang='lat' dir='ltr'><strong>aut</strong></span> <span class='ocrx_word' id='word_1_323' title='bbox 1299 3765 1414 3832; x_wconf 71' lang='lat' dir='ltr'><strong>presby·</strong></span> 
     </span>
     <span class='ocr_line' id='line_1_35' title="bbox 183 3846 1413 3922; baseline -0.007 -15"><span class='ocrx_word' id='word_1_324' title='bbox 183 3858 311 3908; x_wconf 83' lang='lat' dir='ltr'><strong>terarum</strong></span> <span class='ocrx_word' id='word_1_325' title='bbox 328 3869 450 3922; x_wconf 90' lang='lat' dir='ltr'><strong>corpora</strong></span> <span class='ocrx_word' id='word_1_326' title='bbox 460 3856 623 3917; x_wconf 88' lang='lat' dir='ltr'><strong>intrassent,</strong></span> <span class='ocrx_word' id='word_1_327' title='bbox 647 3855 814 3921; x_wconf 85' lang='lat' dir='ltr'><strong>respondit:</strong></span> <span class='ocrx_word' id='word_1_328' title='bbox 834 3854 937 3906; x_wconf 83' lang='lat' dir='ltr'><strong>clerici</strong></span> <span class='ocrx_word' id='word_1_329' title='bbox 949 3854 978 3904; x_wconf 93' lang='lat' dir='ltr'><strong>et</strong></span> <span class='ocrx_word' id='word_1_330' title='bbox 997 3851 1157 3918; x_wconf 80' lang='lat' dir='ltr'><strong>presbyteri</strong></span> <span class='ocrx_word' id='word_1_331' title='bbox 1169 3849 1269 3901; x_wconf 88' lang='lat' dir='ltr'><strong>dicunt</strong></span> <span class='ocrx_word' id='word_1_332' title='bbox 1285 3846 1413 3912; x_wconf 82' lang='lat' dir='ltr'><strong>qnotidie</strong></span> 
     </span>
     <span class='ocr_line' id='line_1_36' title="bbox 182 3929 1410 4004; baseline -0.006 -15"><span class='ocrx_word' id='word_1_333' title='bbox 182 3939 226 3989; x_wconf 92' lang='lat' dir='ltr'><strong>tot</strong></span> <span class='ocrx_word' id='word_1_334' title='bbox 241 3941 341 3991; x_wconf 87' lang='lat' dir='ltr'><strong>sancta</strong></span> <span class='ocrx_word' id='word_1_335' title='bbox 356 3940 386 3991; x_wconf 91' lang='lat' dir='ltr'><strong>et</strong></span> <span class='ocrx_word' id='word_1_336' title='bbox 400 3937 522 4004; x_wconf 87' lang='lat' dir='ltr'><strong>pulchra</strong></span> <span class='ocrx_word' id='word_1_337' title='bbox 531 3939 618 3991; x_wconf 85' lang='lat' dir='ltr'><strong>verba</strong></span> <span class='ocrx_word' id='word_1_338' title='bbox 629 3938 660 3989; x_wconf 91' lang='lat' dir='ltr'><strong>in</strong></span> <span class='ocrx_word' id='word_1_339' title='bbox 677 3936 850 4003; x_wconf 88' lang='lat' dir='ltr'><strong>quotidianis</strong></span> <span class='ocrx_word' id='word_1_340' title='bbox 873 3935 953 3987; x_wconf 89' lang='lat' dir='ltr'><strong>horis</strong></span> <span class='ocrx_word' id='word_1_341' title='bbox 971 3935 1052 3986; x_wconf 89' lang='lat' dir='ltr'><strong>nobis</strong></span> <span class='ocrx_word' id='word_1_342' title='bbox 1069 3933 1215 3985; x_wconf 87' lang='lat' dir='ltr'><strong>contraria</strong></span> <span class='ocrx_word' id='word_1_343' title='bbox 1231 3932 1261 3983; x_wconf 89' lang='lat' dir='ltr'><strong>et</strong></span> <span class='ocrx_word' id='word_1_344' title='bbox 1272 3929 1410 3991; x_wconf 79' lang='lat' dir='ltr'><strong>taediosa,</strong></span> 
     </span>
     <span class='ocr_line' id='line_1_37' title="bbox 182 4015 1412 4088; baseline -0.01 -13"><span class='ocrx_word' id='word_1_345' title='bbox 182 4023 259 4088; x_wconf 87' lang='lat' dir='ltr'><strong>quod</strong></span> <span class='ocrx_word' id='word_1_346' title='bbox 269 4037 336 4075; x_wconf 90' lang='lat' dir='ltr'><strong>raro</strong></span> <span class='ocrx_word' id='word_1_347' title='bbox 348 4023 488 4075; x_wconf 88' lang='lat' dir='ltr'><strong>intramus</strong></span> <span class='ocrx_word' id='word_1_348' title='bbox 501 4037 601 4076; x_wconf 90' lang='lat' dir='ltr'><strong>eorum</strong></span> <span class='ocrx_word' id='word_1_349' title='bbox 612 4035 741 4088; x_wconf 87' lang='lat' dir='ltr'><strong>corpora.</strong></span> <span class='ocrx_word' id='word_1_350' title='bbox 757 4021 811 4074; x_wconf 86' lang='lat' dir='ltr'><strong>Sed</strong></span> <span class='ocrx_word' id='word_1_351' title='bbox 823 4022 899 4073; x_wconf 81' lang='lat' dir='ltr'><strong>torte</strong></span> <span class='ocrx_word' id='word_1_352' title='bbox 911 4021 975 4084; x_wconf 92' lang='lat' dir='ltr'><strong>post</strong></span> <span class='ocrx_word' id='word_1_353' title='bbox 987 4031 1076 4070; x_wconf 92' lang='lat' dir='ltr'><strong>unum</strong></span> <span class='ocrx_word' id='word_1_354' title='bbox 1084 4029 1210 4069; x_wconf 91' lang='lat' dir='ltr'><strong>mensem</strong></span> <span class='ocrx_word' id='word_1_355' title='bbox 1228 4015 1412 4066; x_wconf 71' lang='lat' dir='ltr'><strong>inmaaeemus</strong></span> 
     </span>
     <span class='ocr_line' id='line_1_38' title="bbox 182 4101 1077 4172; baseline -0.006 -16"><span class='ocrx_word' id='word_1_356' title='bbox 182 4119 304 4172; x_wconf 87' lang='lat' dir='ltr'><strong>corpora</strong></span> <span class='ocrx_word' id='word_1_357' title='bbox 315 4106 434 4158; x_wconf 87' lang='lat' dir='ltr'><strong>divitum</strong></span> <span class='ocrx_word' id='word_1_358' title='bbox 446 4107 476 4158; x_wconf 90' lang='lat' dir='ltr'><strong>et</strong></span> <span class='ocrx_word' id='word_1_359' title='bbox 492 4119 545 4171; x_wconf 91' lang='lat' dir='ltr'><strong>per</strong></span> <span class='ocrx_word' id='word_1_360' title='bbox 562 4119 610 4158; x_wconf 92' lang='lat' dir='ltr'><strong>eos</strong></span> <span class='ocrx_word' id='word_1_361' title='bbox 622 4105 844 4170; x_wconf 87' lang='lat' dir='ltr'><strong>perdidissemus</strong></span> <span class='ocrx_word' id='word_1_362' title='bbox 855 4104 947 4154; x_wconf 90' lang='lat' dir='ltr'><strong>totum</strong></span> <span class='ocrx_word' id='word_1_363' title='bbox 959 4101 1077 4154; x_wconf 88' lang='lat' dir='ltr'><strong>clerum.</strong></span> 
     </span>
    </p>
   </div>
   <div class='ocr_carea' id='block_1_6' title="bbox 442 4208 1413 4450">
    <p class='ocr_par' dir='ltr' id='par_1_10' title="bbox 442 4208 1413 4450">
     <span class='ocr_line' id='line_1_39' title="bbox 442 4208 1412 4285; baseline -0.009 -13"><span class='ocrx_word' id='word_1_364' title='bbox 442 4219 509 4273; x_wconf 80' lang='lat' dir='ltr'><strong>Joh.</strong></span> <span class='ocrx_word' id='word_1_365' title='bbox 523 4234 540 4272; x_wconf 91' lang='lat' dir='ltr'><strong>a</strong></span> <span class='ocrx_word' id='word_1_366' title='bbox 552 4220 665 4285; x_wconf 70' lang='lat' dir='ltr'><strong>Lepdia</strong></span> <span class='ocrx_word' id='word_1_367' title='bbox 684 4218 854 4272; x_wconf 75' lang='lat' dir='ltr'><strong>Chronicum</strong></span> <span class='ocrx_word' id='word_1_368' title='bbox 865 4216 1020 4285; x_wconf 61' lang='lat' dir='ltr'><strong>Beatam,</strong></span> <span class='ocrx_word' id='word_1_369' title='bbox 1032 4217 1094 4268; x_wconf 87' lang='lat' dir='ltr'><strong>Lib.</strong></span> <span class='ocrx_word' id='word_1_370' title='bbox 1110 4212 1218 4277; x_wconf 83' lang='lat' dir='ltr'>XXXI,</span> <span class='ocrx_word' id='word_1_371' title='bbox 1231 4225 1294 4279; x_wconf 90' lang='lat' dir='ltr'><strong>cap.</strong></span> <span class='ocrx_word' id='word_1_372' title='bbox 1308 4208 1412 4275; x_wconf 79' lang='lat' dir='ltr'>XXV1;</span> 
     </span>
     <span class='ocr_line' id='line_1_40' title="bbox 476 4291 1413 4368; baseline -0.009 -15"><span class='ocrx_word' id='word_1_373' title='bbox 476 4302 649 4368; x_wconf 80' lang='lat' dir='ltr'><strong>uitgegeven</strong></span> <span class='ocrx_word' id='word_1_374' title='bbox 658 4301 729 4353; x_wconf 90' lang='lat' dir='ltr'><strong>door</strong></span> <span class='ocrx_word' id='word_1_375' title='bbox 738 4301 768 4353; x_wconf 79' lang='lat' dir='ltr'><strong>F.</strong></span> <span class='ocrx_word' id='word_1_376' title='bbox 781 4301 945 4362; x_wconf 71' lang='lat' dir='ltr'><strong>Sweertiua</strong></span> <span class='ocrx_word' id='word_1_377' title='bbox 959 4299 1065 4353; x_wconf 67' lang='lat' dir='ltr'><strong>lienem</strong></span> <span class='ocrx_word' id='word_1_378' title='bbox 1078 4294 1259 4363; x_wconf 53' lang='lat' dir='ltr'><strong>artacaeon</strong></span> <span class='ocrx_word' id='word_1_379' title='bbox 1277 4291 1413 4356; x_wconf 67' lang='lat' dir='ltr'><strong>imatos</strong></span> 
     </span>
     <span class='ocr_line' id='line_1_41' title="bbox 475 4370 1412 4450; baseline -0.009 -15"><span class='ocrx_word' id='word_1_380' title='bbox 475 4384 540 4438; x_wconf 85' lang='lat' dir='ltr'><strong>deel</strong></span> <span class='ocrx_word' id='word_1_381' title='bbox 550 4384 575 4447; x_wconf 84' lang='grc' dir='ltr'><strong>Ι,</strong></span> <span class='ocrx_word' id='word_1_382' title='bbox 588 4383 640 4435; x_wconf 86' lang='lat' dir='ltr'><strong>blz.</strong></span> <span class='ocrx_word' id='word_1_383' title='bbox 662 4383 789 4449; x_wconf 74' lang='lat' dir='ltr'><strong>aea-3003</strong></span> <span class='ocrx_word' id='word_1_384' title='bbox 802 4381 981 4450; x_wconf 83' lang='lat' dir='ltr'><strong>sangehaald</strong></span> <span class='ocrx_word' id='word_1_385' title='bbox 993 4381 1065 4433; x_wconf 85' lang='lat' dir='ltr'><strong>door</strong></span> <span class='ocrx_word' id='word_1_386' title='bbox 1083 4378 1114 4431; x_wconf 81' lang='lat' dir='ltr'><strong>F.</strong></span> <span class='ocrx_word' id='word_1_387' title='bbox 1131 4378 1161 4429; x_wconf 89' lang='lat' dir='ltr'><strong>in</strong></span> <span class='ocrx_word' id='word_1_388' title='bbox 1170 4374 1213 4428; x_wconf 77' lang='lat' dir='ltr'><strong>Do</strong></span> <span class='ocrx_word' id='word_1_389' title='bbox 1223 4370 1412 4434; x_wconf 59' lang='lat' dir='ltr'><strong>amaia,</strong></span> 
     </span>
    </p>
   </div>
   <div class='ocr_carea' id='block_1_7' title="bbox 474 4466 889 4534">
    <p class='ocr_par' dir='ltr' id='par_1_11' title="bbox 474 4466 889 4534">
     <span class='ocr_line' id='line_1_42' title="bbox 474 4466 889 4534; baseline 0 -16"><span class='ocrx_word' id='word_1_390' title='bbox 474 4466 889 4534; x_wconf 50' lang='lat' dir='ltr'><strong>remancipatam).</strong></span> 
     </span>
    </p>
   </div>
   <div class='ocr_carea' id='block_1_8' title="bbox 0 0 1598 5340">
    <p class='ocr_par' dir='ltr' id='par_1_12' title="bbox 0 0 1598 5340">
     <span class='ocr_line' id='line_1_43' title="bbox 0 0 1598 5340; baseline 0 1"><span class='ocrx_word' id='word_1_391' title='bbox 0 0 1598 5340; x_wconf 95' lang='lat' dir='ltr'><strong> </strong></span> 
     </span>
    </p>
   </div>
  </div>
 </body>
</html>
