3188 5340
196 487 246 542 lui
715 479 821 537 ANNO
838 477 902 537 iuli

198 653 439 726 Utrechtschen
453 651 605 738 biaschop
618 648 660 719 de
674 649 836 737 toelating
850 652 885 718 te
907 666 1035 736 vragen
1050 666 1102 716 om
1117 663 1231 718 samen
1247 668 1290 717 en
1305 646 1340 716 in
1362 665 1411 736 ge

197 759 393 845 meenschup
407 778 473 826 vnn
489 754 650 844 goedereu
666 756 702 822 te
716 772 835 842 mogon
847 772 979 822 wonen.

186 854 192 864 ¹
226 873 358 942 &quitur
367 873 502 940 sciptum
513 869 621 924 ἀυηιὺιι·
637 875 663 922 et
673 865 1041 935 mcpuossiwardiiioec,
1053 864 1255 932 moesone&
1264 863 1411 920 mors

200 956 390 1018 iicicctensis,
416 953 553 1021 licenda&
576 955 608 1005 in
631 959 749 1021 utroque
767 951 848 1018 jure,
873 965 959 1019 super
986 947 1153 1019 qubusdam
1181 946 1277 1014 dubiis
1300 946 1411 1016 inferio

193 1040 345 1093 annom.
913 1070 916 1076 -

228 1124 326 1176 Primo
338 1122 478 1189 queritur,
492 1123 588 1173 utrum
605 1121 667 1173 sine
679 1120 787 1172 offensa
797 1119 870 1185 jnris
882 1115 1116 1183 aliquibus'extru
1126 1115 1301 1183 religionem
1308 1114 1345 1167 de
1361 1115 1410 1167 suis

195 1206 277 1258 bonis
285 1203 499 1272 temporalibus,
517 1205 542 1255 si
559 1218 616 1269 qua
627 1202 742 1266 hebent,
754 1216 787 1255 ao
799 1202 836 1255 de
852 1201 998 1255 laboribus
1009 1214 1145 1254 manuum
1160 1212 1280 1253 suarum
1294 1199 1410 1251 viventi·

194 1290 246 1342 bus
258 1288 422 1342 cohabitare
439 1286 525 1340 liceat
537 1289 567 1340 et
576 1287 672 1339 vivere
683 1287 713 1338 in
724 1285 877 1337 communi.

226 1371 365 1434 Secundo,
383 1372 479 1423 utrum
491 1370 529 1421 sit
540 1368 660 1433 licitum,
679 1369 755 1435 quod
771 1369 813 1421 sic
824 1366 911 1420 simul
922 1369 1130 1421 commorantes
1147 1366 1330 1433 superiorem
1344 1365 1410 1419 inter

191 1469 223 1509 se
236 1470 293 1508 non
310 1454 448 1508 hebentes
466 1466 518 1505 nec
540 1453 746 1506 constituentes
757 1465 965 1518 quamcumque
978 1464 1064 1518 super
1081 1463 1130 1505 eoa
1146 1451 1320 1517 potestatem
1334 1450 1409 1516 juris·

192 1537 374 1590 dictionalem
391 1534 553 1598 habentem,
571 1536 607 1587 nb
626 1535 752 1587 inuicem
770 1536 866 1588 tamen
883 1533 928 1586 vel
941 1532 1083 1598 aliquibus
1095 1546 1303 1586 eommcuram
1319 1532 1408 1585 domus

191 1619 362 1674 habentibus
378 1617 497 1671 consilia
508 1617 649 1684 recipient
660 1619 690 1670 et
706 1618 736 1668 in
749 1617 916 1670 obediencia
924 1615 1053 1668 caritatis
1064 1615 1258 1681 acquiescant.

225 1702 337 1765 Teroio,
355 1715 392 1754 an
403 1701 491 1754 liceat
502 1700 645 1767 aliquibus
655 1701 751 1754 claues
766 1701 796 1752 et
805 1699 1035 1766 jurisdictionem
1046 1712 1103 1751 non
1111 1697 1284 1751 habentibus
1300 1699 1407 1764 tempu

191 1786 287 1838 ciones
307 1786 337 1837 et
346 1784 492 1851 passiones
505 1784 599 1837 anime
619 1782 664 1836 vel
682 1796 816 1837 excessus
835 1783 935 1850 grecis
956 1781 1115 1848 recipiendi
1130 1779 1242 1847 oonsilij
1260 1778 1306 1834 vel
1318 1779 1404 1844 auxilli

104 1891 111 1902 ·
190 1867 329 1921 revelare.

223 1951 340 2012 Quarto,
368 1949 464 2001 utrum
486 1949 523 2000 sit
550 1947 662 2000 licitum
689 1960 770 2001 sucre
791 1947 932 2014 scripture
955 1945 1046 2000 libros
1061 1948 1092 1999 in
1119 1945 1234 2014 mulgeri
1263 1945 1354 1998 editos
1369 1942 1404 1996 vel

189 2031 342 2086 manslatos
353 2030 451 2098 legere
469 2032 499 2084 et
514 2029 630 2083 habere.

222 2103 338 2179 Quinto,
349 2126 386 2166 an
403 2115 444 2165 sic
460 2112 546 2166 mmul
563 2114 806 2167 commorantibus
823 2113 910 2167 liceat
925 2115 1054 2166 fraterne
1069 2111 1257 2179 correpoione
1274 2110 1403 2163 otcariu-

189 2197 250 2251 tiua
261 2197 468 2249 ammonicione
481 2210 512 2249 se
525 2196 649 2249 inuicem
662 2195 808 2264 corripere
819 2198 850 2249 et
860 2209 1033 2249 ammonere.

220 2279 314 2342 Sexto,
327 2281 423 2332 utrum
434 2280 564 2346 personis
576 2280 723 2345 premissis
732 2280 819 2333 licent
829 2278 914 2333 simul
926 2281 1006 2346 operi
1017 2293 1153 2334 manuum
1164 2279 1274 2332 eisdem
1286 2283 1315 2332 et
1323 2279 1401 2330 ‹leter-

188 2363 303 2416 minatis
314 2364 490 2428 temporibus
507 2364 649 2427 insistere,
666 2364 743 2417 inira
759 2377 886 2417 mensam
902 2377 1012 2416 sacrum
1024 2363 1177 2417 lectionem
1194 2363 1318 2415 recitare
1329 2361 1401 2413 alias·

188 2459 243 2512 que
252 2445 412 2498 huiusmodi
421 2447 483 2511 pias
494 2446 713 2499 consuetudines
726 2461 775 2499 seu
787 2449 883 2500 ututut
891 2448 1112 2500 nssueiactiones
1123 2447 1233 2513 puriter
1245 2445 1399 2499 obseruare.

221 2530 357 2595 Septimo,
378 2530 474 2580 utrum
493 2529 647 2594 inquisitor
669 2529 795 2583 heretice
817 2531 969 2596 prauitatis
991 2532 1085 2597 potest
1100 2529 1247 2593 inquirere
1264 2526 1301 2579 (le
1316 2527 1400 2577 vitiet

187 2612 408 2664 conuersacione
427 2612 619 2677 predictorum
637 2625 824 2678 personarum
840 2614 882 2665 sic
901 2615 983 2666 extra
999 2612 1170 2679 religionem
1181 2609 1267 2663 simul
1285 2608 1398 2662 hubitan-

186 2693 259 2746 tium
276 2697 306 2747 et
317 2693 479 2747 viuencium
491 2693 522 2746 in
534 2695 686 2746 communi.

219 2776 263 2829 Ad
280 2776 411 2842 primam,
424 2776 505 2829 snlua
521 2777 641 2830 veritate
659 2790 693 2829 ac
710 2778 857 2830 sentencie
876 2789 1109 2843 quorumcunque
1126 2776 1204 2828 circa
1219 2773 1277 2828 hoc
1292 2773 1397 2827 discrete

186 2857 398 2920 arbitrnncium,
425 2871 482 2910 non
500 2860 624 2911 occurrit
640 2858 712 2910 mihi
723 2859 958 2924 impedimentum
975 2859 1152 2924 canonicum,
1170 2856 1247 2923 quod
1264 2855 1397 2923 prohibent

187 2940 299 3005 aliquos
309 2942 391 2993 extra
407 2941 578 3008 religionem
588 2941 673 2994 simul
685 2941 816 2994 habitare
834 2941 909 2994 etde
920 2943 1044 3008 propriis
1055 2941 1137 2993 bonis
1147 2940 1196 2994 uel
1207 2941 1292 2993 iustis
1302 2937 1397 2992 labori·
1439 2959 1441 3000 ι

187 3024 240 3076 bus
251 3023 350 3076 viuere
367 3024 397 3075 in
409 3025 552 3076 communi
563 3023 693 3090 exemplo
710 3023 826 3087 christi,
839 3024 920 3076 cuius
931 3025 1006 3076 actio
1018 3025 1116 3076 nostre
1131 3024 1176 3076 est
1191 3022 1349 3083 instructio,
1365 3031 1395 3072 er.

186 3104 258 3170 xliilj
286 3105 324 3157 di.
346 3106 415 3174 quin
433 3112 528 3157 autem
540 3105 627 3172 palea
644 3106 697 3168 est,
722 3105 801 3171 xxiij,
823 3119 850 3170 q.
868 3105 921 3170 iiij.
946 3102 1086 3171 infideles.
1114 3104 1188 3157 Nam
1212 3101 1301 3158 talem
1323 3103 1395 3153 vitan

185 3185 316 3239 christus
325 3200 388 3239 cum
400 3186 536 3252 apostolis
546 3187 667 3239 tenendo
679 3187 830 3239 dedicauit.
844 3186 881 3239 iit
893 3187 1015 3253 apostoli
1028 3200 1061 3239 ac
1074 3185 1269 3253 apostolorum
1280 3180 1394 3250 discipuli

185 3270 215 3321 et
226 3270 286 3322 tota
298 3269 446 3336 primitius
458 3269 579 3323 ecclesia
590 3269 677 3322 talem
688 3271 775 3323 vitum
792 3271 821 3321 et
832 3272 938 3322 statum
950 3273 1104 3323 tennerunt
1120 3272 1150 3323 et
1160 3267 1392 3326 continuauerunb

185 3353 218 3402 ut
237 3352 310 3418 petit
328 3351 520 3418 Amuumiilj⁰
540 3354 569 3405 et
580 3343 742 3419 expressius
762 3355 793 3405 in
815 3367 924 3407 canone
941 3355 989 3419 xij.
1010 3367 1038 3419 q.
1063 3352 1088 3404 1.
1106 3351 1393 3416 hemenonem

185 3435 277 3486 totum
286 3436 378 3488 eciam
389 3435 546 3500 capitulum
557 3435 681 3490 Sumus:
701 3437 810 3490 Scimus
822 3452 872 3489 vos
883 3439 987 3489 iratres
999 3450 1055 3489 non
1067 3437 1213 3503 ignorare,
1231 3436 1306 3501 qnod
1317 3433 1392 3486 boote

186 3531 240 3568 nus
250 3519 309 3571 vite
320 3519 477 3570 communis
494 3519 571 3571 inter
588 3533 685 3572 omnes
701 3519 872 3573 christianos
889 3520 980 3586 viguit
997 3520 1027 3571 et
1045 3518 1081 3571 de
1098 3519 1198 3584 gracie
1216 3517 1270 3570 Dei
1287 3513 1392 3582 vigete

184 3601 308 3653 maxime
319 3601 395 3654 inter
406 3613 456 3653 eos
468 3602 517 3666 qui
529 3603 558 3654 in
571 3605 677 3655 sortem
689 3603 803 3655 Domini
815 3603 907 3655 vocati
919 3602 995 3665 sunt,
1008 3602 1081 3652 sicut
1091 3601 1122 3653 in
1134 3600 1252 3654 Actibus
1263 3595 1392 3666 apostolo·

182 3696 268 3735 rum:
287 3683 480 3735 Multitudinis
500 3684 682 3737 credencium
699 3688 761 3738 erat
783 3698 931 3738 corunum
951 3686 981 3736 et
1003 3685 1098 3737 anima
1116 3695 1175 3735 unn
1191 3696 1245 3735 nec
1261 3682 1391 3749 quisquam

182 3774 281 3815 eorum
293 3774 366 3826 quae
377 3763 550 3827 possidebat,
564 3763 673 3829 aliquid
695 3765 842 3830 proprium
865 3777 928 3816 esse
951 3763 1073 3824 dicebat,
1091 3762 1140 3814 sed
1158 3763 1242 3815 eraut
1258 3759 1316 3813 illis
1333 3769 1391 3810 con·

182 3843 281 3896 munio
303 3843 407 3895 omnia
434 3843 472 3895 Et
493 3843 571 3908 licet,
601 3845 807 3911 refrigescente
836 3846 956 3898 caritate
983 3845 1012 3896 et
1039 3843 1187 3896 hominum
1214 3840 1390 3896 inueloeccm

182 3925 308 3988 malicie,
321 3926 375 3978 iste
386 3926 486 3978 modus
504 3942 559 3979 non
580 3928 669 3980 tuerit
683 3940 735 3980 nec
747 3929 784 3978 sit
795 3942 885 3993 usque
903 3916 978 3979 nun⁰c
1000 3927 1041 3979 ita
1057 3924 1235 3993 generaliter
1245 3927 1275 3980 et
1284 3933 1388 3979 commu·

183 4010 259 4060 niter
276 4009 443 4060 obseruatus
455 4009 529 4061 sicut
540 4010 569 4059 in
581 4009 731 4074 primitiue
742 4008 872 4072 ecclesie,
886 4023 921 4061 ex
938 4008 993 4061 hoc
1004 4011 1100 4061 tamen
1112 4021 1168 4059 non
1185 4008 1322 4074 sequitur,
1330 4000 1388 4071 quod

183 4091 221 4142 sit
232 4089 401 4155 prohibitus,
415 4104 509 4155 ymmo
522 4093 565 4142 est
576 4092 675 4156 pocius
688 4092 832 4156 tamquam
850 4093 998 4144 animabus
1015 4091 1178 4143 tructuosus
1188 4092 1218 4143 et
1238 4090 1299 4144 uec
1308 4089 1388 4156 grew

182 4174 299 4238 propter
332 4174 461 4225 iraterne
489 4174 617 4226 caritatis
645 4175 936 4228 communicacionem
963 4176 993 4228 et
1023 4174 1208 4240 perfectionis
1236 4171 1387 4226 exercicium

183 4253 429 4326 commendemus3
449 4267 514 4306 uem
526 4256 681 4309 secundum
699 4256 838 4310 Thomnm
859 4258 918 4309 vita
929 4255 1042 4310 socialis
1054 4256 1216 4311 necessaria
1227 4253 1388 4310 manen·

184 4336 285 4388 citium
300 4337 494 4403 perfectionis,
507 4338 576 4401 quia
595 4342 694 4392 mutuo
712 4355 742 4392 sc
759 4341 904 4393 instruunt
915 4342 944 4393 et
954 4339 1041 4393 verbo
1063 4341 1093 4394 et
1109 4337 1242 4406 exemplo
1258 4339 1386 4392 etcorreu

183 4427 292 4481 tionem
315 4428 351 4480 nd
373 4429 532 4494 proiectum
551 4430 719 4494 perducunt.
743 4431 790 4485 Ito.
811 4431 913 4485 recitat
934 4431 980 4484 Jo.
998 4420 1029 4483 in
1048 4443 1159 4484 summa
1181 4431 1257 4482 coni.
1274 4427 1353 4482 iniit
1362 4422 1386 4474 le

184 4512 307 4567 transitu
319 4510 490 4567 clericorum
499 4526 527 4579 q.
539 4514 597 4581 xxij
616 4512 717 4569 Utrum
723 4515 882 4586 perfectior.
894 4515 932 4569 El
941 4529 994 4583 pro
1006 4514 1176 4570 euinnencia
1191 4514 1277 4569 huius
1287 4505 1386 4568 meletii
