3256 5324
622 463 725 518 ANNO
744 462 808 515 tter
1282 470 1330 523 165

57 644 116 700 et.
150 645 192 685 ne
208 627 339 696 cuiquam
350 641 488 682 onerosus
504 627 648 681 existeret.
668 627 791 682 aeuum
814 638 872 682 xxa
895 631 925 682 et
936 629 1057 684 habetur
1067 646 1095 684 x.
1108 647 1135 697 q.
1145 633 1198 700 iiij.
1217 632 1330 689 Cauen-

56 728 186 783 ausn
196 715 230 767 de
241 713 309 766 cen.
321 727 346 765 c.
362 711 431 767 eum
442 711 572 780 apostole
583 713 613 764 et
629 712 722 765 idem:
740 713 784 765 Ad
796 727 840 776 es,
859 714 907 778 qui
919 713 1005 766 michi
1026 728 1097 780 opus
1109 719 1199 780 erant,
1217 719 1248 771 et
1263 718 1327 786 hijs,

54 800 276 880 quinorum
285 797 361 858 sunt,
379 796 613 849 ministrauerunt
623 809 723 847 manus
735 796 798 848 iste.
809 797 867 861 xxj.
882 810 909 860 q.
931 796 953 847 l.
967 811 991 848 c.
1003 795 1128 850 Clericus
1137 799 1167 850 in
1185 801 1213 852 li.
1224 800 1328 854 Hacde

50 894 205 953 wasa,
225 878 383 931 siclericus
395 880 523 946 egestate
539 878 659 940 laboret,
671 879 763 943 potest
780 879 841 930 sine
858 878 1028 931 detrimento
1042 879 1129 947 diuini
1142 883 1226 948 offleij
1236 884 1327 936 artili-

51 962 251 1037 ssjolosibi
267 962 373 1014 victum
391 975 520 1026 querere.
530 961 584 1026 xcj.
599 961 637 1013 di.
651 976 675 1013 c.
690 959 812 1014 Clericus
829 962 942 1012 cutum.
955 962 1093 1014 Preterea
1109 978 1165 1016 non
1182 979 1285 1018 reuoco
1296 967 1326 1018 in

49 1047 235 1116 dubium,
253 1044 322 1111 quin
334 1045 461 1111 predicte
478 1057 598 1109 persone
615 1045 775 1110 possintin
792 1043 876 1095 modo
894 1044 968 1095 dicto
988 1059 1090 1110 panem
1110 1047 1195 1100 edere
1218 1050 1328 1115 etpost

48 1133 188 1200 βίω
199 1127 310 1194 gracia
319 1127 428 1179 auctori
446 1127 505 1178 Deo
518 1127 636 1178 reterre.
650 1126 700 1177 Ar.
714 1124 798 1190 xliiij.
809 1125 835 1178 d.
847 1140 870 1177 c.
890 1124 957 1178 Non
968 1124 1056 1181 liccat.
1070 1129 1152 1180 Unde
1164 1128 1324 1194 apostolus:

49 1219 180 1282 siue
187 1209 361 1263 manducatis
372 1210 433 1261 siue
442 1208 539 1261 bibitis
550 1209 611 1260 siue
629 1207 706 1259 aliud
718 1209 820 1272 tacitis,
839 1209 869 1259 in
882 1209 997 1262 nomine
1015 1211 1122 1262 domini
1134 1212 1224 1262 nostri
1235 1211 1325 1265 Jhesu

48 1293 215 1367 christi
223 1291 319 1354 notu,
330 1292 361 1343 in
370 1305 425 1356 quo
442 1291 572 1357 vimmus,
585 1303 733 1343 mouemur
745 1292 774 1341 et
782 1303 889 1341 sumus.
900 1291 955 1342 Ad.
966 1292 1091 1344 chorint.
1104 1301 1145 1344 1⁰.
1162 1294 1225 1345 Act.
1243 1295 1323 1360 xvijv.

47 1378 157 1450 bd
165 1374 290 1429 colocen.
303 1373 349 1439 ilj⁰
360 1373 430 1426 etin
440 1385 548 1424 canone
559 1373 634 1438 xxvj.
653 1386 681 1437 q.
693 1372 740 1436 vij.
751 1369 815 1424 Non
826 1370 888 1424 obre
897 1375 986 1425 neeric
1006 1374 1036 1425 in
1053 1374 1083 1427 fl.
1102 1375 1131 1426 et
1142 1375 1257 1427 notatur
1272 1389 1325 1443 per

43 1456 247 1531 ,suffic
270 1456 301 1507 in
321 1455 448 1523 predicto
468 1468 493 1507 c.
514 1453 580 1508 Non
602 1452 691 1506 liceat.
717 1454 840 1506 Possunt
857 1455 948 1507 eciam
968 1453 1042 1522 layci
1065 1457 1136 1509 bene
1155 1456 1253 1524 legere
1272 1471 1322 1512 seu

48 1547 203 1608 nicene
210 1536 344 1605 psalmos,
362 1538 412 1602 qui
423 1536 557 1589 dicuntur
567 1536 597 1588 in
609 1536 687 1588 horis
703 1548 756 1603 per
773 1536 901 1601 clericos,
918 1536 1069 1591 dummodo
1082 1539 1136 1591 hoc
1149 1553 1205 1592 non
1216 1540 1324 1593 iaciant

48 1637 164 1707 per
177 1620 287 1674 modum
298 1620 388 1672 divim
403 1620 497 1685 offlclj,
519 1633 564 1671 no.
584 1619 667 1671 Inno.
685 1619 719 1671 de
732 1617 802 1671 cele.
824 1620 902 1672 miss.
915 1634 939 1671 c.
954 1621 978 1673 l.
990 1620 1047 1687 glo.
1069 1622 1096 1673 d.
1109 1622 1227 1675 Necnon
1245 1623 1322 1680 inira

50 1716 230 1773 ‚neum
239 1701 377 1756 lectiones
397 1714 492 1753 sacras
503 1701 626 1752 recitare
642 1700 769 1765 aliasque
786 1702 848 1767 pies
860 1702 1077 1755 consuetudines
1096 1703 1133 1756 ad
1144 1706 1196 1758 Dei
1208 1705 1322 1759 laudem

51 1789 212 1871 pariter
223 1785 375 1837 observare
386 1801 393 1850 ;
404 1784 480 1836 unde
496 1785 526 1835 in
540 1782 648 1849 psalmo
663 1797 669 1834 :
688 1783 860 1836 Benedicam
872 1784 1024 1836 Dominum
1040 1786 1070 1838 in
1083 1787 1298 1855 omnitempore
1311 1805 1319 1853 ς

53 1878 287 1936 janonemper
303 1866 366 1919 eius
384 1865 415 1918 in
432 1879 482 1918 ore
500 1878 573 1918 meo.
594 1865 772 1918 Consuetudo
791 1867 878 1932 enim,
891 1880 947 1932 que
964 1866 1104 1922 dominice
1120 1870 1260 1936 scripture
1270 1872 1321 1923 aut

61 1949 357 2017 ,ammonitus
378 1949 521 2002 contraria
532 1963 588 2001 non
601 1950 653 2011 est,
671 1949 839 2001 inconcussa
858 1950 1031 2003 observanda
1047 1951 1110 2016 est;
1128 1952 1167 2017 xj.
1187 1953 1225 2004 di.
1249 1967 1319 2007 con·

61 2033 257 2098 ‘nondinis
266 2031 318 2096 xil.
330 2032 370 2083 di.
382 2030 469 2084 Sacra
480 2031 611 2085 Romano
623 2045 650 2082 x.
664 2045 691 2095 q.
707 2030 729 2081 l.
749 2030 936 2084 decernimus.
954 2031 1056 2084 Ymmo
1067 2032 1133 2085 talis
1144 2037 1318 2089 consuetudo

65 2114 318 2183 gstlegidivine
335 2115 365 2167 et
376 2114 511 2166 canonice
522 2114 622 2179 amice,
633 2126 697 2165 cum
709 2113 744 2165 ad
763 2112 875 2166 laudem
895 2114 949 2166 Dei
968 2115 1065 2168 omnia
1080 2115 1318 2183 debentneque

68 2201 165 2260 ossi.
177 2203 249 2251 cneio
259 2211 286 2251 e.
296 2198 318 2263 j.
331 2197 362 2250 in
373 2197 402 2248 u.
420 2202 449 2249 et
465 2195 527 2248 laus
538 2197 599 2249 Deo
611 2209 663 2262 pro
677 2197 736 2248 suis
748 2196 922 2262 beneficiisa
939 2196 1021 2248 nobis
1032 2200 1075 2251 est
1087 2199 1195 2266 iugiter
1206 2200 1315 2268 impen—

73 2283 198 2342 denda
209 2282 265 2347 xvi.
278 2295 305 2346 q.
318 2281 330 2332 i
341 2279 623 2347 Reuertmnj,circa
634 2280 662 2331 ti.

143 2367 177 2423 id
184 2364 335 2433 septimum
345 2364 514 2430 respondeo.
534 2364 591 2417 Aut
607 2362 768 2428 supradicte
785 2374 905 2429 persone
925 2364 992 2414 sunt
1012 2362 1133 2417 heretici
1155 2367 1313 2433 credentes,

78 2450 297 2517 meptatores,
314 2449 441 2500 fautores
460 2448 490 2500 et
512 2444 704 2498 hereticorum
722 2445 895 2509 defensores,
909 2447 958 2498 aut
969 2446 1098 2499 infamati
1115 2449 1151 2500 de
1162 2447 1255 2503 heresi
1267 2450 1313 2504 vel

81 2531 227 2600 suspecti,
239 2530 290 2584 ent
297 2543 365 2583 non.
377 2528 475 2581 Primo
487 2541 601 2582 causam
612 2528 647 2580 de
666 2541 765 2579 eorum
776 2528 834 2579 vita
845 2529 875 2580 et
885 2529 1102 2580 conversacione
1112 2519 1206 2595 pot'est
1221 2532 1312 2597 inqui-

81 2614 198 2672 rerein
206 2614 343 2679 quantum
354 2612 544 2677 inquisitionis
556 2610 718 2663 huiusmodi
731 2610 854 2663 officium
865 2611 1011 2663 concernit
1028 2624 1140 2665 errores
1151 2612 1182 2665 in
1194 2615 1249 2668 tide
1260 2629 1310 2670 seu

86 2694 228 2752 moulon
246 2695 316 2747 fidei
338 2692 487 2746 catholice.
510 2694 653 2745 Probatur
670 2691 705 2744 de
723 2690 840 2745 heretic.
865 2708 890 2745 c.
909 2691 942 2744 Ut
953 2689 1075 2760 effictum
1085 2693 1310 2762 inobedientem

85 2779 231 2848 principio
239 2779 298 2841 et§
310 2777 340 2831 fl.
352 2775 383 2828 li.
395 2777 434 2840 vj.
447 2774 504 2827 Aut
515 2789 571 2827 non
582 2777 647 2827 suut
658 2773 731 2827 tales
748 2787 801 2826 nec
813 2776 941 2827 infamati
953 2788 1006 2828 nec
1017 2776 1052 2828 de
1064 2775 1158 2830 heresi
1174 2781 1307 2846 suspecti.

89 2862 175 2916 'runc
181 2861 326 2926 inquirere
337 2859 437 2910 contra
448 2870 497 2930 eos
509 2869 565 2908 non
576 2859 676 2921 potest,
690 2857 746 2908 nisi
759 2857 834 2909 torte
851 2858 880 2909 in
898 2857 1003 2911 litteris
1014 2859 1220 2912 commissionis
1232 2863 1308 2915 sedis

88 2943 243 3013 apostolice
259 2942 337 2996 idem
358 2943 491 2994 teneatur
514 2953 686 3006 expressum.
711 2939 771 2993 Hoc
797 2941 933 3007 probatur
955 2943 1005 2994 sic.
1030 2941 1144 2994 certum
1166 2945 1210 2996 est
1232 2947 1307 3010 quod

91 3026 247 3090 jurisdictio
257 3025 435 3091 inquisitoris
446 3023 572 3076 heretice
580 3023 728 3088 pravitatis
739 3025 783 3076 est
795 3021 934 3090 delegata,
944 3026 976 3075 ut
985 3024 1089 3090 patete
1101 3025 1144 3077 tit.
1151 3039 1205 3093 per
1212 3024 1264 3078 boc
1274 3029 1305 3080 in

93 3123 141 3173 p,
149 3109 190 3161 nbi
205 3109 247 3162 ita
255 3122 302 3160 no.
316 3105 412 3159 Archi.
422 3120 507 3172 super
514 3120 540 3156 v.
554 3102 699 3171 delepotur
710 3103 741 3156 li.
752 3107 802 3171 vit
813 3107 842 3158 et
853 3106 927 3157 idem
943 3106 1088 3160 iohannes
1100 3108 1129 3159 in
1141 3121 1187 3161 no.
1198 3111 1227 3161 et
1238 3110 1303 3164 coll.

98 3204 130 3242 c.
138 3192 161 3243 u.
172 3188 215 3244 ld
229 3187 401 3245 abolendum
412 3203 438 3254 q.
450 3189 479 3252 ij.
492 3187 569 3253 Ergo
588 3187 748 3251 jurisdictio
771 3188 949 3252 inquisitoris
961 3189 996 3240 ad
1016 3203 1113 3241 casum
1123 3203 1179 3241 non
1192 3204 1303 3258 expres·

101 3275 189 3327 sunm
203 3274 268 3327 eius
284 3273 481 3325 commissione
493 3271 607 3324 extendi
617 3287 672 3324 non
683 3273 777 3338 potest
793 3285 845 3323 nec
856 3272 959 3336 dehet3
979 3285 1044 3324 nam
1063 3274 1156 3326 torma
1176 3276 1303 3328 mandati

104 3357 187 3409 macta
201 3356 246 3408 est
257 3353 412 3421 diligencia
428 3353 625 3407 obsueruanda
645 3354 681 3406 de
700 3368 724 3405 r.
740 3355 809 3406 cum
831 3351 932 3406 dilecto
951 3352 985 3405 de
998 3354 1056 3405 odi.
1067 3353 1140 3407 dele.
1154 3353 1224 3408 tbm
1236 3355 1303 3410 olim

105 3437 171 3492 abac
187 3437 224 3490 de
239 3451 303 3504 pre.
324 3450 350 3488 c·
367 3435 419 3488 ult.
433 3451 457 3488 c.
471 3436 509 3487 di.
530 3450 643 3502 procur.
664 3436 684 3488 1.
697 3436 727 3489 Si
741 3450 856 3504 procur.
879 3435 953 3489 Hinc
971 3436 1015 3487 est
1035 3437 1110 3499 quod
1132 3438 1302 3504 quicumque

103 3520 242 3589 delegatus,
256 3521 306 3587 qui
318 3519 389 3572 fines
401 3519 527 3571 mandati
547 3520 660 3572 excedit
671 3519 715 3571 vel
729 3518 822 3572 ⁴aliter
840 3519 909 3571 iacit
926 3520 975 3571 aut
992 3518 1129 3584 procedit,
1142 3521 1229 3572 nichil
1242 3525 1303 3590 agit

102 3618 140 3658 ree
153 3605 231 3657 tenet
241 3605 306 3658 eius
316 3615 475 3670 processus,
493 3603 524 3653 ut
545 3601 574 3652 in
586 3602 697 3667 iuribus
709 3603 766 3654 iam
783 3602 928 3667 predictis.
941 3600 978 3654 Et
989 3615 1034 3652 no.
1047 3600 1128 3653 Inno.
1140 3601 1171 3653 in
1188 3603 1262 3656 dieto
1274 3621 1300 3659 o.

10 3717 15 3725 ·
101 3685 156 3740 us»
170 3683 239 3740 olim
256 3687 287 3738 tn
299 3686 328 3737 o.
338 3687 368 3738 et
390 3687 457 3739 Ber.
472 3684 600 3751 predicto
611 3698 635 3735 o.
656 3683 708 3737 ult.
721 3685 756 3736 de
767 3698 827 3750 pre.
851 3685 882 3736 in
899 3684 957 3751 glo.
980 3685 999 3750 ij
1016 3685 1046 3736 et
1056 3683 1152 3736 Archi.
1167 3685 1201 3738 de
1218 3702 1261 3753 pr.
1274 3704 1300 3742 c.

10 3773 20 3839 ζ’
97 3767 155 3823 drot
163 3769 196 3820 iu
206 3764 264 3820 dus
271 3767 357 3821 circa.
369 3780 397 3832 p.
410 3779 496 3833 super
507 3781 535 3817 v.
546 3765 713 3819 Intenoionie
723 3765 753 3817 li.
768 3767 805 3831 vj.
816 3765 943 3819 Secundo
961 3779 996 3817 ex
1008 3767 1150 3818 contrario
1162 3770 1300 3821 menites-

93 3855 142 3904 tnm
152 3849 323 3916 sequeretur
331 3849 532 3901 inconveniens
544 3863 552 3913 ;
571 3862 637 3900 nam
655 3863 712 3921 que.
722 3849 837 3901 racione
848 3850 944 3915 posset
955 3847 1106 3912 inquisitor
1115 3849 1150 3901 de
1161 3850 1300 3904 dictarum

88 3945 267 4001 personamm
285 3931 345 3984 vita
367 3932 398 3983 et
413 3931 636 3984 conuersacione
660 3931 806 3996 inquirere
829 3934 858 3984 et
877 3945 926 3983 eos
948 3931 983 3984 ab
1006 3931 1128 3984 inuicem
1145 3945 1298 4000 separnrc3

86 4017 178 4071 eadem
189 4017 307 4069 racione
319 4014 410 4067 eciem
420 4016 516 4080 posset
528 4015 557 4066 et
571 4013 621 4081 [in]
640 4014 796 4081 sacrilegos
817 4016 846 4067 et
866 4014 1017 4078 adulteros,
1037 4014 1183 4066 usurarios
1191 4017 1221 4067 et
1228 4014 1299 4068 alios

82 4100 151 4151 citra
161 4096 288 4150 heresim
297 4094 495 4161 delinquentes
512 4097 709 4162 inquisicionis
728 4098 853 4149 odicium
863 4110 997 4150 exercere
1010 4098 1040 4149 et
1051 4097 1123 4150 tales
1139 4097 1299 4152 decivitate

79 4179 122 4233 sel
133 4178 192 4233 alio
210 4177 274 4231 loco
286 4177 441 4244 expellere,
460 4180 536 4244 quod
548 4193 629 4231 nemo
650 4181 721 4232 bene
735 4181 763 4232 et
784 4181 905 4233 discrete
922 4179 1104 4231 considerans
1120 4180 1297 4246 concederet,

77 4276 142 4315 nam
150 4263 229 4315 esset
239 4262 340 4313 contra
351 4262 472 4314 lormam
483 4262 608 4315 mandati
631 4265 660 4315 et
676 4264 799 4315 maxime
818 4264 917 4314 contra
928 4264 1118 4335 intencionem
1133 4276 1205 4327 pape
1216 4263 1299 4316 dele-

75 4345 231 4413 ganiman
244 4357 330 4408 quam
349 4357 462 4411 semper
478 4344 682 4397 recurrendum
706 4349 760 4397 est.
782 4346 824 4397 Dc
842 4345 913 4396 arbi.
937 4359 962 4396 c.
985 4359 1063 4411 copo.
1087 4345 1122 4396 do
1145 4359 1205 4410 pre.
1228 4344 1298 4398 Gom

72 4435 180 4480 temen.
190 4426 230 4480 Et
240 4427 341 4491 eadem
351 4428 440 4490 racio,
453 4439 509 4492 qus
530 4432 626 4479 mouet
646 4426 838 4492 delegantem,
859 4428 954 4478 mouet
968 4426 1070 4478 deinde
1089 4431 1118 4479 et
1134 4427 1297 4495 delegatum

71 4511 108 4564 de
129 4523 155 4563 r.
173 4522 263 4577 cuper
281 4506 380 4562 meost
396 4509 426 4562 in
447 4511 475 4562 u.
493 4507 528 4562 In
548 4507 626 4562 nullo
650 4509 742 4561 obstat
764 4510 949 4576 extravagans
968 4507 1108 4562 iohannis
1125 4509 1181 4576 xxij
1194 4509 1297 4564 Sancta
