3188 5340
719 489 823 543 ANNO
841 489 906 542 1341)

706 710 756 781 rs
781 704 911 804 (197⁶).

240 906 331 979 1349,
357 905 545 972 omstreeks
560 907 647 975 luni
671 907 727 986 24,
745 924 787 973 en
805 913 895 984 1350,
917 906 1131 975 Luikelond
1144 926 1187 976 cn
1203 906 1410 996 omb’ppende

189 1013 374 1096 oeweslen.
400 1008 582 1078 Uittreksel
609 1013 657 1080 uit
680 1013 721 1080 de
744 1009 962 1099 gelijlrtijdige
989 1011 1091 1078 Gesta
1114 1008 1276 1078 wiotum
1297 1011 1410 1079 1111111·-

192 1108 355 1177 censium
372 1130 450 1177 over
467 1113 524 1180 het
541 1119 696 1183 ontstaan
720 1135 761 1181 en
787 1113 826 1180 de
853 1112 1063 1199 verbreidiug
1078 1113 1136 1180 der
1151 1114 1409 1183 (1111111111.-

192 1214 383 1283 Omstreeks
397 1216 460 1282 den
478 1216 541 1304 dag
557 1238 621 1285 van
636 1215 929 1303 Stdansgeboome
952 1215 1007 1304 (24
1031 1215 1108 1283 Juni
1143 1216 1242 1304 1349)
1264 1217 1409 1285 remche-

193 1336 256 1384 neu
273 1317 429 1386 Dnitsche
452 1320 645 1389 Geeselaars
661 1323 694 1389 in
711 1322 918 1407 Hespegouw
943 1340 983 1385 en
1007 1319 1136 1386 vonden
1152 1319 1225 1387 veel
1242 1321 1408 1406 navolgers

191 1422 260 1489 niet
285 1423 391 1492 alleen
409 1424 443 1491 in
469 1425 527 1494 het
541 1425 665 1494 bisdom
689 1425 783 1503 Laii,
802 1443 894 1490 maar
917 1422 979 1488 ook
1002 1423 1036 1489 in
1066 1422 1106 1488 de
1129 1421 1338 1510 omliggende
1351 1422 1408 1492 bis-

191 1526 352 1594 dommen.
379 1527 559 1597 Menschen
583 1550 647 1596 van
670 1528 796 1597 allerlei
820 1525 917 1594 stand
945 1547 985 1593 en
1013 1546 1108 1613 rang,
1131 1527 1170 1615 ja
1190 1527 1351 1613 priesters
1371 1548 1407 1594 sn

190 1628 365 1697 monniken
378 1631 493 1699 traden
507 1632 585 1698 dene
604 1631 793 1700 kettersehe
809 1629 1048 1715 boetedoening
1063 1626 1120 1716 bij.
1134 1631 1180 1696 De
1191 1629 1285 1697 Kerk
1298 1630 1408 1698 ondsr·

191 1729 311 1800 drukte
325 1732 419 1815 haar,
435 1733 535 1802 nadat
551 1736 609 1804 het
625 1734 786 1823 gebleken
802 1753 884 1814 was,
906 1732 965 1800 dat
988 1731 1066 1799 deae
1090 1736 1179 1800 seete
1194 1732 1277 1800 door
1299 1733 1407 1820 esnige

190 1839 362 1921 apostaten
381 1837 414 1903 in
439 1838 497 1905 het
521 1838 595 1905 huis
619 1859 719 1906 eener
746 1857 862 1906 vrouw
887 1856 967 1904 over
982 1836 1045 1903 den
1070 1836 1147 1925 Rijn
1171 1838 1223 1906 tot
1238 1835 1408 1924 uitroeiing

190 1959 252 2005 van
266 1938 329 2005 den
345 1939 533 2025 godsdienst
550 1963 590 2008 en
606 1963 673 2011 van
692 1942 732 2009 de
749 1938 1001 2028 geestelijkheid
1018 1958 1088 2007 was
1104 1937 1308 2025 nitgedseht.

222 2068 329 2121 Eodem
342 2079 415 2119 anno
428 2065 524 2134 [1319],
537 2067 614 2120 circa
624 2069 799 2119 nativitatem
811 2067 901 2118 sancti
911 2065 1046 2125 iohanni,
1059 2064 1236 2116 intraverunt
1253 2064 1408 2118 Hasbaniaa

190 2150 326 2201 terminos
335 2161 370 2199 ex
379 2150 506 2214 partibus
516 2148 824 2204 interiorisdlimaniae
837 2149 946 2215 egressi
955 2146 1232 2214 viriFlagellatores,
1241 2147 1408 2213 quicorporc

135 2274 140 2285 .
189 2242 278 2293 usque
296 2230 330 2280 ad
342 2231 507 2283 umbilicum
525 2233 639 2295 nudato,
658 2233 751 2297 eapite
768 2232 889 2297 caputiis
902 2233 931 2283 et
946 2230 1041 2296 pilleis
1053 2232 1163 2295 operto,
1175 2229 1297 2295 pedibus
1320 2230 1406 2290 nudb,

187 2313 279 2362 restes
287 2311 378 2364 lineas
389 2317 505 2380 rugatas
514 2315 549 2366 ab
559 2315 693 2367 umbilico
704 2316 837 2367 deorsum
849 2313 981 2378 usquead
990 2312 1063 2364 talos
1075 2313 1223 2379 protensas
1234 2313 1406 2372 deferebant,

188 2393 218 2444 et
227 2393 348 2460 dagellis
360 2397 532 2463 corrigiatis,
550 2398 580 2450 in
593 2398 820 2449 extremitatibus
843 2396 932 2448 nodos
945 2394 1090 2447 aculeatos
1103 2393 1284 2456 habentibus,
1297 2394 1407 2460 propria

188 2474 271 2527 dorsa
285 2478 485 2541 percutientes,
498 2481 664 2546 sanguinem
677 2479 837 2539 eliciebant,
856 2481 1016 2530 asserentes
1030 2477 1105 2540 quod
1121 2488 1174 2541 per
1185 2473 1272 2529 talem
1283 2477 1406 2543 corporis

188 2557 368 2612 afflictionem
381 2563 509 2612 morbum
522 2563 663 2627 epydimie
674 2563 769 2613 rorent
780 2560 901 2613 evasuri.
917 2559 970 2619 Qui
981 2560 1040 2610 bini
1049 2562 1078 2610 et
1090 2558 1149 2610 bini
1162 2559 1406 2623 processionaliter

188 2640 360 2703 incedentes,
378 2642 535 2695 cantilenas
552 2643 749 2697 lamentabiles
769 2643 962 2709 proterebant.
977 2640 1085 2700 Quibus
1096 2640 1201 2705 partim
1213 2641 1304 2693 finitis
1317 2654 1405 2709 genua

187 2720 342 2784 flectentes,
361 2724 391 2775 in
402 2726 508 2776 terram
519 2727 654 2791 projectis
666 2727 824 2791 impetuose
835 2725 1009 2791 corporibus,
1023 2724 1119 2775 bracia
1138 2724 1168 2775 in
1180 2724 1297 2776 modum
1318 2723 1403 2777 crucis

186 2805 372 2857 extendentes
388 2808 483 2871 supini
499 2809 639 2873 jacebant.
654 2810 723 2861 Post
735 2809 789 2861 hoc
801 2810 904 2861 erectis
921 2808 1087 2873 corporibus
1098 2806 1306 2874 geniculantes,
1318 2820 1403 2860 near

185 2884 298 2938 dotibus
310 2889 352 2939 eis
370 2890 571 2941 comitantibus
590 2894 618 2942 et
636 2893 854 2956 preconantibus
871 2891 1077 2943 contessionem
1089 2888 1254 2956 generalem
1264 2890 1401 2951 dixerunt,

185 2970 214 3021 et
223 2971 357 3021 continuo
369 2974 518 3038 surgentes
531 2975 670 3025 cantando
680 2973 775 3026 leticie
788 2975 854 3025 fleta
865 2973 1037 3036 ceremonia,
1050 2973 1169 3023 sindone
1180 2971 1360 3037 penitentiali
1373 2971 1401 3023 nt

184 3051 225 3103 ita
235 3052 327 3104 dicam
348 3055 442 3115 exuta,
463 3058 597 3107 consueta
616 3056 782 3108 indumenta
802 3057 991 3107 resumebant.
1011 3054 1180 3119 Huiusmodi
1205 3053 1399 3121 flagellationis

183 3146 298 3197 operam
310 3136 354 3186 bis
376 3136 406 3187 in
429 3137 475 3188 die
487 3151 538 3202 per
565 3138 684 3203 triginta
701 3139 848 3190 continuos
865 3138 926 3189 dies
946 3137 1120 3203 peregerunt
1137 3138 1167 3188 et
1177 3138 1359 3200 frequencius
1372 3136 1398 3187 in

183 3215 321 3279 ecclesiis,
347 3219 396 3270 ubi
419 3219 443 3270 si
461 3220 557 3273 divina
575 3222 669 3272 officia
700 3219 835 3272 horarum
860 3221 1060 3271 canonicarum
1082 3221 1132 3272 aut
1154 3219 1400 3272 sermocinationes

183 3299 336 3351 stationum
353 3301 592 3365 persolverentur,
604 3303 649 3369 illi
660 3304 792 3355 dicebant
803 3317 868 3354 suos
878 3305 956 3354 actus
965 3303 1157 3367 preferendos.

216 3379 259 3432 Ad
271 3382 353 3434 istius
365 3383 455 3448 igitur
463 3384 619 3437 hereticam
636 3385 822 3450 penitentiam
843 3385 994 3436 multitudo
1007 3384 1154 3436 hominum
1163 3382 1314 3446 nobilium,
1331 3381 1395 3435 mili·

183 3463 287 3515 tarium
311 3464 341 3516 et
351 3464 537 3531 plebeiorum,
549 3468 642 3534 primo
661 3482 696 3519 ex
708 3467 856 3520 devotione
869 3480 974 3533 magna
985 3468 1016 3518 in
1033 3468 1143 3518 tantum
1162 3465 1311 3529 conduxit,
1328 3462 1394 3531 quoi

183 3559 238 3597 non
251 3545 343 3597 solum
363 3547 393 3598 in
415 3549 578 3614 episcopatu
597 3551 692 3602 nostre
712 3550 841 3615 dyocesis
861 3550 1034 3610 Leodiensis,
1052 3548 1101 3601 sed
1125 3549 1216 3601 eciam
1236 3549 1267 3600 in
1285 3547 1395 3600 diversi

182 3628 350 3691 dyocesibus
362 3643 426 3680 cum
437 3630 519 3683 laicis
529 3631 658 3699 religiosi
670 3633 725 3683 viri
737 3633 795 3683 tam
807 3631 1009 3684 monachorum
1021 3644 1104 3695 quam
1117 3630 1316 3696 utplurimum
1326 3642 1393 3682 men·

181 3709 336 3763 dicentium
352 3714 382 3764 et
402 3713 573 3767 secularium
591 3716 769 3768 sacerdotum
791 3715 826 3766 de
841 3715 900 3768 suis
920 3715 1033 3765 sedibus
1053 3715 1174 3776 exirent,
1186 3715 1215 3766 et
1226 3712 1394 3766 saemmem

180 3793 371 3847 ecclesiastica
390 3797 585 3849 ministrarent
601 3798 717 3850 eisdem.

214 3875 354 3929 Processu
362 3890 430 3929 vero
442 3879 588 3945 temporis,
598 3893 662 3931 cum
671 3880 797 3945 ipsorum
809 3882 973 3945 presumpta
981 3878 1096 3946 religio,
1105 3892 1189 3943 quam
1201 3878 1394 3945 excogitabant

181 3958 296 4022 quidam
313 3962 441 4024 apostate
463 3960 613 4028 religionis
635 3961 770 4027 hospitati
791 3961 901 4014 occulte
920 3963 950 4013 in
967 3963 1050 4014 domo
1068 3962 1151 4013 unius
1173 3959 1304 4013 mulieris
1323 3962 1394 4014 uam

180 4038 303 4102 Mnum,
322 4040 485 4096 alitteratis
496 4044 565 4095 viris
587 4043 672 4109 plena
684 4045 932 4109 superstitionibus
945 4046 974 4096 et
985 4045 1133 4097 heresibus
1145 4042 1301 4111 diligenter
1312 4042 1395 4096 const·

181 4121 281 4176 derata
291 4126 367 4176 esset
384 4125 507 4187 inventa,
520 4127 590 4178 etin
608 4127 828 4178 destructionem
845 4129 942 4180 sancte
958 4127 1078 4180 ecclesie
1099 4129 1129 4179 et
1145 4127 1237 4179 tocius
1254 4125 1325 4178 cleri
1336 4139 1394 4193 pm·

181 4206 318 4271 gressiva,
330 4210 416 4273 prout
425 4211 525 4274 postea
536 4209 703 4274 comparuit,
714 4223 765 4274 per
773 4223 921 4262 censuram
933 4209 1154 4263 ecclesiasticam
1166 4208 1219 4261 hec
1236 4209 1395 4275 superstitio

180 4288 309 4343 caesara.

444 4354 530 4408 Gesta
539 4356 672 4409 abimum
689 4356 916 4420 watinensium,
929 4359 959 4410 in
971 4359 1064 4421 Perta,
1076 4359 1272 4422 Monumento,
1284 4357 1397 4428 mro

472 4452 528 4501 ree,
539 4438 604 4491 deel
612 4439 649 4501 X,
663 4439 714 4491 bla.
732 4441 790 4493 432.
809 4467 836 4480 -
848 4440 922 4494 Deae
933 4441 1047 4507 kronljlr
1059 4455 1112 4493 van
1127 4454 1218 4494 eenen
1226 4442 1394 4510 ttjdgenoot,

471 4522 587 4573 monnils
600 4536 653 4574 van
674 4524 913 4579 Sint‘l'ruidenin
934 4523 1149 4591 ’tLuikerland,
1167 4528 1236 4596 gaat
1247 4527 1340 4596 tctop
1351 4526 1400 4582 het

470 4605 533 4672 jaar
554 4603 627 4659 1³66.
