3188 5340
194 112 228 166 34
633 110 737 165 ΑΝΝΟ
756 110 896 163 1175-1177

191 276 246 328 iste
256 277 301 328 vir
312 276 442 338 rusticus,
455 277 503 340 qui
515 277 712 329 auctoritatem
724 277 904 341 officiumque
920 275 1122 342 predicationis
1138 276 1253 328 sibimet
1270 288 1409 342 usurpare

192 359 323 412 indoctus
334 359 488 425 presumitt
512 380 525 401 κ
537 358 574 411 Itt
584 360 743 411 tremebant
753 359 784 410 in
796 372 871 421 eum,
884 373 940 410 non
952 359 1138 423 attendentes,
1151 360 1218 424 qnia
1228 359 1348 424 spiritus
1359 359 1408 411 ubi

191 443 250 494 vult
261 443 359 509 spirat.
373 441 444 494 Sunt
455 454 576 506 namque
588 440 727 502 nonnulli,
735 442 783 506 qui
793 443 834 493 ita
842 454 894 507 per
903 442 1099 507 magisterium
1109 442 1225 507 spiritus
1236 440 1408 492 intrinsecus

190 527 337 590 docentur,
346 526 378 576 ut
389 525 413 575 si
425 525 466 576 eis
478 525 604 577 exterius
615 524 731 577 humani
742 524 900 591 magisterii
912 523 1063 590 disciplina
1073 525 1157 586 desit,
1169 524 1300 591 magistri
1315 523 1408 574 intimi

191 622 311 661 censura
323 621 379 659 non
390 608 472 659 desit.
486 607 541 660 Sed
556 606 609 660 hec
626 608 661 659 ab
678 608 799 658 infirmis
811 607 904 673 potius
915 608 1076 659 veneranda
1086 610 1152 659 sunt
1165 620 1249 672 quam
1260 605 1408 666 imitanda,

190 705 236 754 ne,
253 691 321 742 dum
336 703 367 742 se
382 690 501 755 quisque
516 689 649 741 similiter
666 689 773 755 Spiritu
786 690 888 742 Sancto
909 688 1057 756 impletum
1081 691 1228 757 presumit,
1251 686 1408 753 discipulus

190 773 314 825 hominis
325 786 387 825 esse
398 772 537 837 despiciat
545 774 574 823 et
585 773 722 838 magister
733 773 840 824 erroris
852 774 911 824 ilat.

224 855 435 908 communicato
447 855 542 918 itaque
553 853 682 919 oonsilio,
695 853 792 906 clerici
804 856 1032 920 prenominatum
1046 855 1209 921 episcopum
1225 853 1409 920 Radulphum

190 937 304 999 adeunt,
317 937 365 1001 qui
377 937 470 988 missis
482 935 633 987 clientibus
644 936 726 987 iussit
738 948 803 987 eum
815 936 1025 1002 comprehendi.
1039 936 1142 1004 Igitur,
1154 950 1218 988 cum
1229 935 1261 987 hi
1272 937 1322 1001 qui
1332 936 1409 988 missi

190 1022 313 1081 ruerant,
326 1032 392 1072 eum
405 1032 457 1084 per
474 1018 623 1070 ecclesiam
641 1019 737 1070 sancte
748 1018 840 1070 Mario
850 1020 997 1085 sanctique
1014 1021 1158 1072 Lamberti
1174 1019 1409 1084 comprehensum

190 1101 335 1161 ducerent,
347 1101 508 1152 sacerdotes
519 1100 633 1164 quidam
649 1102 678 1151 et
694 1097 801 1162 clerici,
824 1100 877 1152 Dei
894 1102 997 1154 timore
1013 1105 1042 1154 et
1060 1103 1220 1155 reverentia
1234 1101 1408 1168 postpositis,

189 1185 219 1236 in
239 1184 301 1250 ipsa
320 1184 440 1236 ecelesia
461 1185 491 1235 in
508 1197 573 1235 eum
590 1184 741 1245 irruentes,
759 1185 817 1235 suis
838 1197 903 1236 eum
923 1186 1066 1252 unguibus
1085 1186 1279 1252 inpingebant.
1298 1183 1409 1237 Erectis

188 1267 285 1331 itaque
305 1280 416 1318 sursum
439 1265 538 1327 oculis,
550 1267 676 1331 respexit
698 1267 733 1318 ad
756 1265 846 1319 altare
864 1269 959 1319 sancte
977 1267 1077 1332 Marie,
1095 1272 1124 1320 et
1141 1268 1285 1334 productis
1303 1268 1339 1320 ab
1352 1269 1408 1319 imo

188 1351 304 1414 pectore
313 1349 452 1413 suspiriis,
466 1348 606 1414 ingemuit
617 1351 646 1400 ct
657 1348 729 1400 dixit
743 1363 749 1400 :
765 1370 777 1391 u
787 1349 860 1411 Heu,
872 1350 938 1412 heu,
951 1363 1018 1402 ecce
1027 1350 1088 1402 dies
1096 1351 1222 1412 veniunt,
1235 1363 1299 1401 cum
1310 1350 1408 1401 subtus

188 1432 217 1484 te
228 1433 334 1483 terram
345 1432 481 1484 effodient
498 1432 586 1497 porci,
605 1432 694 1495 etqui
711 1432 740 1482 in
750 1430 887 1484 honorem
904 1434 1066 1484 sanctorum
1083 1447 1134 1486 ara
1151 1433 1280 1486 dedicata
1299 1446 1340 1495 es,
1359 1446 1409 1485 ara

187 1527 337 1580 porcorum
355 1514 496 1565 efficieris.
512 1536 524 1557 n
545 1512 606 1572 Que
625 1515 776 1578 posteasic
788 1515 966 1566 accidissent
978 1515 1141 1580 predixerat
1155 1530 1212 1566 non
1225 1515 1344 1568 dubium
1355 1518 1407 1568 est.

220 1597 293 1649 Nam
310 1596 489 1663 postmodum
506 1609 580 1646 anno
597 1597 632 1647 ab
650 1596 845 1649 incarnatione
863 1597 978 1649 Domini
996 1597 1060 1651 1185
1076 1599 1220 1663 sepedicta
1239 1597 1361 1650 ecclesia
1380 1599 1409 1650 iu

187 1680 294 1731 honore
315 1681 411 1731 sancte
432 1679 522 1730 Maris
546 1679 693 1743 sanctique
713 1679 857 1731 Lambcrti
880 1683 1045 1732 consecrata
1069 1683 1249 1733 concremata
1259 1683 1302 1734 est
1318 1685 1334 1734 4
1351 1681 1407 1734 kal.

187 1762 266 1823 Maii,
290 1762 336 1813 die
358 1776 414 1825 quo
439 1762 528 1813 saneti
554 1761 700 1813 Lamberti
724 1760 886 1815 celebratur
908 1762 1066 1815 translatio.
1091 1765 1135 1815 Ad
1157 1763 1409 1830 primamscilicet

187 1845 335 1896 subsecute
348 1844 437 1894 noctis
449 1843 577 1910 vigiliam
595 1845 671 1909 ignis
689 1858 906 1911 prorumpenss
922 1846 1005 1897 domo
1022 1846 1178 1909 cuiusdam,
1195 1847 1408 1912 circumpositas

186 1927 293 1987 domos,
317 1927 419 1978 deinde
439 1925 593 1977 claustrum
613 1926 837 1993 claustralesque
858 1929 985 1980 officinas
1007 1931 1128 1994 repente
1147 1929 1287 1994 corripuit
1310 1932 1341 1982 et
1361 1930 1406 1982 ab

186 2010 306 2075 sumpsit
318 2009 401 2060 fluxis
413 2022 430 2059 a
440 2009 570 2074 passione
582 2009 657 2060 beati
670 2010 814 2063 Lamberti
826 2011 907 2062 annis
919 2011 1082 2077 quingentis
1091 2012 1253 2077 quindecim
1269 2010 1373 2074 minus,
1391 2021 1409 2060 a

186 2090 332 2158 presulatu
349 2104 416 2143 vero
436 2091 543 2143 domini
561 2091 678 2158 Nogeri,
700 2095 748 2156 qui
769 2106 830 2145 eam
848 2094 1014 2157 construxit,
1035 2094 1163 2146 ducentis
1187 2096 1217 2147 et
1235 2093 1405 2158 quindecim.

187 2175 268 2226 Unde
280 2187 395 2226 versus:

414 2257 504 2308 Annis
515 2257 665 2308 transactis
677 2270 694 2308 e
704 2256 815 2309 Christo
828 2258 907 2310 mille
918 2258 1048 2310 ducentis

416 2339 587 2391 Substractis
599 2341 643 2391 ter
655 2341 789 2404 quinque,
802 2341 861 2392 ruit
872 2339 951 2392 locus
962 2341 1017 2392 iste
1028 2355 1080 2406 per
1091 2342 1202 2408 ignem3

416 2422 500 2475 Festo
512 2421 613 2474 Vitalis
626 2422 739 2474 Domini
751 2424 806 2474 luit
817 2423 889 2475 ultio
901 2422 975 2476 talis.

218 2504 400 2568 Nimiumque
411 2505 577 2555 demoniaca
588 2505 781 2570 exagitatione
791 2504 997 2558 invalescentes
1010 2505 1121 2558 flamme
1135 2508 1198 2568 tuo,
1210 2508 1308 2559 sancte
1325 2506 1408 2558 Lam

186 2587 275 2647 berte,
296 2587 467 2653 monasterio
488 2585 642 2636 incubuere
663 2588 691 2636 et
714 2587 797 2647 tecta,
821 2587 948 2650 quamvis
971 2588 1127 2639 convestita
1148 2586 1263 2653 plumbo
1285 2587 1408 2655 diligen·

185 2669 303 2730 tissime,
326 2668 478 2731 ambasque
498 2670 591 2718 turres
609 2681 717 2718 necnon
744 2667 883 2733 palatium
906 2671 986 2720 vetus
1010 2683 1073 2720 cum
1098 2656 1218 2721 ecclesia
1245 2672 1408 2722 metarum

183 2752 328 2817 virginum
345 2749 544 2814 nonnullisque
561 2750 669 2801 circum
686 2751 881 2803 mansionibus
898 2752 1009 2817 ingenti
1028 2751 1251 2818 conflagratione
1268 2754 1298 2804 et
1323 2754 1410 2805 ruina

183 2833 322 2885 deiecere.
338 2831 411 2885 ileu!
423 2833 486 2897 quis
499 2845 554 2883 non
566 2830 672 2892 dolere,
686 2831 755 2883 heu!
766 2832 829 2896 quis
839 2845 857 2883 a
868 2831 993 2884 lacrimis
1001 2834 1031 2885 et
1042 2834 1149 2899 gemitu
1161 2833 1303 2886 abstinere
1313 2836 1409 2899 potuit

184 2929 270 2981 super
281 2916 330 2966 tua
345 2916 502 2974 eversione,
515 2928 531 2965 o
544 2914 642 2965 domus
654 2913 821 2966 excellentis
833 2915 1022 2967 fabricature!
1037 2914 1060 2967 0
1073 2914 1177 2967 nobilis
1188 2919 1273 2981 atque
1285 2914 1409 2968 illustris

184 2996 315 3057 ecclesia,
327 2995 404 3047 clero
421 2997 645 3047 institutionibus
656 2995 752 3048 multis
762 2984 922 3063 insignibus
935 2996 1075 3063 gloriosa!
1089 2997 1162 3049 Ecce
1174 2998 1270 3050 divino
1281 2997 1410 3062 qualiter

184 3093 319 3146 percussa
349 3092 379 3131 es
406 3079 530 3142 judicio!
555 3079 628 3131 Ecce
651 3080 814 3130 sonoritatis
841 3082 925 3144 atque
953 3079 1112 3132 dulcedinis
1140 3081 1224 3133 unice
1246 3082 1276 3133 in
1298 3083 1410 3134 terram

183 3175 319 3227 campane
331 3161 533 3213 descendentes
544 3163 688 3213 contracte
700 3164 779 3213 sunt!
794 3161 938 3213 Marmora
950 3163 1103 3228 pavimenti
1115 3162 1291 3228 spectabilia,
1305 3164 1411 3230 collap

184 3258 280 3297 aarum
311 3242 385 3295 mole
415 3244 539 3295 trabium
568 3245 739 3304 minutatim,
768 3245 899 3309 protrita,
927 3244 1013 3295 nullis
1042 3245 1098 3296 iam
1128 3259 1190 3297 esse
1214 3246 1313 3298 usibus
1340 3250 1411 3312 apta

184 3327 361 3379 estimantur.
375 3328 503 3390 Auguste
522 3326 701 3390 operositatis
720 3339 835 3390 corona,
852 3339 906 3389 que
918 3326 1059 3391 pendebat
1069 3327 1099 3377 in
1112 3326 1204 3377 medio
1223 3329 1409 3392 monasterio,

184 3409 250 3459 dum
274 3406 458 3458 tumultuarie
478 3408 507 3457 et
526 3408 630 3471 raptim
652 3407 812 3471 deponitur,
837 3408 924 3457 immo
947 3407 1079 3469 deicitur,
1092 3407 1246 3473 plurimum
1270 3409 1412 3475 dissipata

184 3493 235 3543 est.
250 3491 420 3542 Lectricium
444 3503 513 3540 auro
531 3492 560 3540 et
575 3490 695 3555 gemmis
711 3489 848 3554 preciosis
863 3491 1017 3556 insigniter
1027 3491 1215 3542 fabrefactum
1226 3493 1410 3559 exportatum

184 3575 228 3625 est
244 3573 368 3637 quidem,
389 3573 439 3623 sed
456 3572 491 3623 de
508 3572 577 3636 ipsis
595 3572 716 3637 gemmis
736 3572 846 3636 perdite
866 3574 931 3624 sunt
953 3574 1164 3639 prestantiores.
1188 3575 1317 3640 Denique
1338 3577 1411 3641 quid

184 3668 347 3716 memorem,
361 3654 451 3707 altare
463 3656 559 3706 sancte
577 3654 726 3706 Trinitatis
742 3654 855 3719 aliaque
873 3657 1033 3707 sanctorum
1052 3654 1155 3709 altaria
1169 3658 1257 3710 luisse
1275 3658 1411 3712 incendio

107 3786 119 3808 0
184 3736 320 3789 demolita
338 3740 367 3789 et
389 3737 508 3789 violatai
531 3736 609 3789 Adeo
627 3739 694 3789 tunc
711 3733 833 3789 invaluit
852 3737 967 3800 Sathsn,
989 3739 1061 3790 adeo
1080 3740 1148 3791 tunc
1164 3740 1291 3792 invectus
1311 3740 1411 3792 estin

184 3821 376 3872 sanctuarium
399 3820 452 3871 Dei
475 3819 525 3871 ille
549 3820 652 3871 nebulo
675 3819 854 3886 gehennalis,
881 3818 930 3872 ille
957 3835 1023 3873 osor
1049 3822 1216 3874 sanctitatis.
1240 3820 1411 3887 Principale

183 3905 293 3954 tantum
304 3901 405 3965 altare,
414 3903 488 3967 quod
497 3905 560 3954 erat
571 3905 667 3954 sancte
680 3903 732 3955 Dei
743 3890 893 3969 genitricis
902 3902 1002 3966 Mane,
1016 3905 1121 3956 mansit
1129 3906 1341 3957 intemeratum.
1348 3905 1411 3958 Nec

183 3985 259 4036 enim
270 3986 404 4036 temerari
417 3986 509 4050 potuit
521 3985 643 4046 flamma,
656 3986 730 4050 quod
744 3987 823 4036 tanta
834 3984 925 4038 voluit
937 3999 1108 4039 conservare
1120 3990 1250 4053 petrona.
1264 3987 1368 4041 Nonne
1380 3991 1414 4040 et

182 4067 245 4132 ipsa
262 4081 341 4119 suam
361 4063 531 4119 mirabiliter
547 4067 724 4118 conservavit
739 4066 891 4119 ecclesiam
901 4066 1128 4133 parrochialemi
1146 4069 1241 4122 Instar
1251 4067 1411 4124 chaldaice

181 4151 316 4212 fornacis,
339 4151 441 4213 inqua
461 4148 529 4200 olim
549 4150 608 4201 tres
630 4163 734 4215 pueros
753 4150 916 4202 coniecerat
939 4151 1086 4221 tyrannus,
1112 4150 1256 4205 horrenda
1278 4153 1411 4220 undique
