3188 5340
199 448 252 520 sao
724 461 828 519 ariao
846 461 911 514 ruo

200 630 348 700 theologia
358 619 487 686 etsacria
493 629 648 685 canonibus
659 629 864 699 magistrorum
875 631 905 685 et
916 631 1325 701 doctorum,etallorom1uris
1336 635 1420 689 diuisi

199 716 229 769 et
240 715 368 770 canonici
385 715 552 782 peritorum,
569 727 622 780 per
630 712 704 767 hano
712 715 838 767 nostram
850 715 1030 767 diffinitiuam
1039 716 1220 781 sententiam,
1233 730 1321 782 quam
1332 719 1362 770 in
1370 717 1419 784 hijs

198 798 312 864 scriptis
321 798 448 860 terinms,
461 798 691 865 pronunciamus,
702 797 891 862 decernimus,
904 797 1081 849 declaramus
1092 810 1145 863 per
1153 801 1419 853 reuerendissimum

197 882 228 934 in
246 880 358 934 (lhristo
381 881 493 947 patrem
512 880 657 933 dominum
679 878 841 932 iohannem
863 879 1055 944 patriarcham
1079 879 1418 948 oonstsnunopoutamn

198 965 298 1017 eontra
305 964 449 1030 prelatum
457 963 627 1029 magistrum
637 961 787 1013 Nicolaum
794 961 948 1026 Serrurarij
960 962 1033 1015 bene
1041 964 1130 1016 luisse
1139 965 1169 1016 et
1177 976 1240 1017 esse
1250 977 1418 1029 processum,

196 1047 400 1099 sententiatum
419 1045 448 1098 et
467 1045 629 1105 diiiinitum,
651 1043 797 1108 ipsiusque
818 1045 988 1096 sententiam
1009 1045 1191 1098 diiiinitiuam
1211 1049 1314 1100 contra
1333 1049 1417 1114 ipsum

197 1127 348 1181 Nicolaum
359 1127 445 1180 latam
464 1140 517 1193 per
536 1126 752 1191 quatuordecim
763 1139 843 1178 sacre
865 1126 1010 1193 theologie
1028 1141 1232 1193 sacrorumque
1243 1143 1384 1182 canonum
1394 1134 1419 1184 et

196 1209 293 1278 legum
305 1212 445 1271 doctores,
458 1210 534 1260 inter
545 1220 616 1272 quos
633 1209 751 1259 luerunt
768 1208 938 1273 cardinales,
957 1211 1091 1275 episcopi,
1108 1209 1225 1277 prelati,
1238 1213 1315 1264 sacri
1326 1213 1417 1278 palatii

196 1290 345 1357 apostolici
362 1304 511 1343 causarum
531 1289 676 1342 auditores
693 1292 723 1342 ct
741 1288 788 1355 aiij
808 1291 950 1353 doctores,
963 1291 1093 1344 manibus
1110 1306 1211 1346 eorum
1227 1295 1417 1360 proprflssub·

196 1373 341 1440 scriptam,
365 1375 551 1440 approbatam
573 1374 603 1424 et
624 1373 797 1430 roboratam.
818 1373 1042 1444 confirmandam
1064 1376 1127 1427 iore
1147 1377 1177 1428 et
1199 1376 1417 1442 confirmassem

195 1458 343 1523 ipsamque
360 1457 531 1509 sententiam
547 1456 637 1521 ipsius
649 1455 756 1506 domini
774 1455 935 1519 patriarche
947 1457 1109 1509 executioni
1121 1458 1350 1511 demandandum
1360 1461 1416 1512 iore

195 1539 225 1590 et
236 1537 438 1591 demandamus
448 1549 597 1603 processus
617 1539 647 1590 et
657 1537 768 1589 litteras
786 1537 908 1603 desuper
928 1540 1103 1591 necessarias
1120 1542 1151 1592 et
1167 1543 1326 1606 oportunae
1341 1541 1416 1606 §urta

196 1619 271 1673 dicte
282 1619 488 1672 commissionis
500 1621 678 1673 continentes
690 1623 811 1672 iormam
821 1622 850 1671 et
859 1621 989 1673 tenorem
1000 1621 1195 1675 decernentes.
1209 1645 1222 1668 ι

211 1702 289 1769 ¹Que
301 1703 415 1767 quidem
425 1704 522 1754 nostra
533 1704 673 1755 sententia
692 1716 744 1767 per
761 1702 889 1754 diuersos
907 1702 1042 1769 prelatos,
1063 1706 1205 1766 doctores,
1223 1706 1379 1774 magistros
1389 1708 1416 1759 et

194 1773 385 1851 jurisperitos,
398 1785 434 1838 ad
446 1784 499 1838 hec
519 1798 571 1850 per
583 1786 729 1837 dominum
742 1787 869 1837 nostrum
882 1800 984 1851 papam
995 1788 1155 1852 predictum
1171 1789 1335 1854 deputatos,
1347 1789 1418 1840 ride·

193 1866 263 1920 iicet
287 1868 463 1921 Hermanum
489 1868 604 1933 Dwerg,
628 1868 703 1920 sedis
732 1868 889 1932 apostolice
917 1868 1176 1934 prothonotarium,
1204 1870 1415 1932 Gundisalrum,

194 1949 358 2016 episcopum
374 1949 598 2012 Ascoricensem,
618 1949 746 2012 Petrum,
765 1949 1010 2015 archiepiscopum
1028 1950 1204 2014 cretsnmm,
1223 1946 1362 2006 thomam
1382 1953 1415 2005 dc

194 2032 322 2095 Aurelia,
346 2032 511 2097 episcopum
535 2031 806 2101 vigintimiliensem
824 2034 852 2085 et
877 2034 951 2085 sacri
971 2033 1071 2098 palacii
1093 2033 1244 2099 apostolici
1270 2048 1414 2088 conessum

194 2106 363 2178 auditorem,
373 2114 533 2167 (lomadum
544 2115 580 2167 de
598 2114 713 2178 Susaco,
731 2129 812 2168 sacre
829 2114 974 2182 theologie
986 2118 1187 2181 professorem,
1200 2117 1312 2170 domini
1329 2118 1414 2170 nostri

194 2210 267 2263 pape
278 2197 491 2257 subdiaconum,
501 2180 663 2250 «iohannem
675 2198 711 2250 de
721 2198 916 2262 Nranciordia,
929 2199 1015 2250 etiam
1027 2212 1107 2252 sacre
1119 2197 1267 2267 theologie
1279 2201 1414 2266 proiesso·

192 2291 265 2341 rem,
272 2279 422 2332 Nicolaum
431 2280 561 2332 abbatem
573 2280 664 2332 sancti
675 2279 891 2346 wandregisili,
898 2281 917 2334 J
918 2280 1038 2333 acobum
1047 2280 1374 2347 liorestinj,.lohaunem
1381 2283 1415 2335 de

193 2360 367 2420 Fabricaet
381 2361 542 2414 iohannem
563 2363 741 2428 Gundisaluj,
762 2363 830 2414 dicti
852 2363 952 2428 palacij
978 2377 1127 2416 causarum
1144 2365 1304 2428 auditores,
1324 2364 1416 2418 extitit

193 2444 351 2510 approbata
359 2446 389 2496 et
397 2445 527 2496 manibus
539 2457 638 2497 eorum
649 2446 773 2510 propriis
782 2445 950 2510 subscripta.
969 2445 1133 2511 inquorum
1146 2448 1275 2499 omnium
1285 2450 1316 2499 et
1326 2448 1416 2514 singu

192 2526 288 2579 lorum
316 2525 401 2579 fidem
426 2527 456 2578 et
474 2527 668 2579 testimonium
688 2528 901 2593 premissorum,
924 2530 1072 2593 presentes
1095 2531 1209 2582 nostras
1226 2528 1342 2582 litteras
1366 2543 1414 2582 seu

191 2621 310 2674 presens
321 2608 466 2673 pubiicum
477 2610 706 2672 instrumentum,
719 2609 885 2674 hujusmodi
892 2611 1047 2662 sententias
1064 2611 1231 2664 diffinitiuas
1242 2612 1274 2664 in
1286 2626 1318 2666 se
1328 2613 1412 2665 conti·

192 2692 292 2744 nentes
309 2705 361 2744 seu
380 2692 537 2754 continens,
559 2693 662 2744 exinde
684 2693 747 2744 tleri
764 2694 794 2744 et
812 2706 865 2758 per
882 2692 1077 2745 Hermannum
1095 2694 1238 2746 notarium
1257 2695 1410 2761 pubiicum,

191 2775 376 2838 noshumquc
388 2776 418 2826 et
428 2772 590 2827 huiusmodi
601 2787 685 2826 cause
697 2788 793 2826 coram
805 2775 886 2826 nobis
903 2776 1026 2827 scribam
1038 2777 1262 2842 intrusoriptum,
1275 2778 1411 2830 subscribi

191 2856 221 2908 et
228 2855 368 2923 publicari
380 2856 585 2918 mandauimus,
596 2858 741 2921 nostrique
753 2856 842 2924 sigilli
853 2858 988 2922 iussimus
998 2860 1170 2923 appensione
1179 2860 1361 2912 communiri.

223 2939 320 3001 Lecta,
337 2938 396 2991 iata
407 2941 437 2991 et
448 2939 478 2990 iu
495 2939 608 3005 scriptis
625 2939 806 3006 promulgata
817 2940 872 2992 init
883 2939 937 2993 hec
949 2954 1066 3005 presens
1079 2943 1176 2993 nostra
1193 2942 1338 2996 diffinitae
1353 2956 1413 2996 seu·

190 3021 350 3088 tantisper
369 3022 593 3092 nosAntonium
613 3022 796 3085 cardinalem,
809 3023 933 3088 judicem
956 3026 986 3076 et
1010 3024 1235 3076 commissarium
1260 3027 1411 3090 pressum,

190 3104 336 3157 Florentie
347 3104 377 3156 in
389 3105 562 3157 monasterio
586 3105 718 3158 Omnium
736 3106 905 3157 Sanctorum
924 3107 1021 3160 nostre
1044 3106 1127 3158 solite
1147 3107 1315 3172 residentia,
1334 3108 1411 3160 nobis

189 3186 261 3238 inibi
281 3185 353 3240 hora
363 3200 547 3252 vesperorum
559 3186 603 3239 vel
616 3188 696 3251 quasi
714 3190 850 3240 consueta
867 3189 903 3240 ad
922 3190 987 3254 J'ura
1004 3189 1180 3240 reddendum
1191 3189 1222 3241 iu
1234 3189 1299 3242 loco
1316 3193 1411 3243 nostro

189 3268 274 3321 solito
287 3271 317 3322 et
325 3272 460 3322 consueto
477 3283 529 3335 pro
543 3269 679 3321 tribunall
691 3271 834 3333 sedentes,
843 3272 895 3322 sub
908 3284 981 3322 anno
999 3284 1017 3321 a
1028 3271 1175 3323 nativitate
1187 3272 1305 3324 Domini
1315 3272 1410 3325 milie-

189 3351 262 3402 simo
280 3352 562 3418 quadringentesimo·
579 3352 689 3404 decimo
711 3366 795 3416 nono,
816 3353 972 3404 indictione
989 3353 1165 3415 duodecima,
1186 3354 1323 3408 diesem
1345 3354 1408 3408 lune

188 3434 337 3488 vndeoima
345 3435 450 3486 mensis
460 3433 635 3497 Decembris,
644 3435 825 3499 pontificatus
838 3435 942 3499 prelati
955 3434 1061 3485 domini
1073 3436 1164 3487 nostri
1173 3437 1284 3488 domini
1294 3437 1407 3502 hiartini

188 3530 262 3582 pape
281 3516 373 3580 quinti
393 3517 571 3569 annotarim
584 3532 592 3581 3
612 3518 792 3582 presentibus
808 3518 915 3569 ibidem
933 3515 1147 3570 honorabilibus
1158 3520 1188 3569 et
1199 3518 1332 3572 discretis
1343 3520 1407 3571 stris

187 3599 310 3651 dominis
328 3598 456 3662 Daniele,
479 3600 587 3651 decano
611 3600 821 3663 concordiensi,
843 3601 873 3652 et
891 3598 1023 3652 «iohanne
1044 3601 1079 3652 de
1096 3601 1206 3664 Galata,
1235 3602 1406 3656 cubiculario

187 3682 296 3743 nostro,
306 3681 425 3734 testibus
437 3682 472 3734 ed
481 3682 620 3745 premissa
629 3682 735 3733 vocatis
747 3682 911 3746 specialiter
921 3683 952 3734 et
961 3683 1081 3751 rogatis.

220 3761 370 3830 Signatum
382 3765 411 3815 et
422 3765 463 3817 sic
474 3765 666 3829 subscriptum
677 3779 683 3814 :

218 3843 254 3897 itt
272 3859 326 3913 ego
348 3845 507 3898 Hermanno
527 3846 684 3910 Lutisehns,
705 3844 826 3899 clericus
846 3848 1087 3910 Monasteriensis,
1104 3847 1235 3914 publicus
1252 3849 1407 3916 apostolica

185 3929 356 4010 auctoritate
364 3929 502 3992 notarius,
514 3931 691 3994 prelatorum
708 3930 1011 3983 reuerendissimorum
1022 3931 1053 3982 in
1070 3929 1182 3983 Christo
1193 3933 1312 3997 patrum
1322 3934 1406 3987 donti-

184 4023 287 4065 norum
303 4010 501 4076 cardinalium,
520 4012 646 4076 judicum
661 4014 691 4065 et
702 4014 969 4075 commissariorum,
981 4014 1011 4064 in
1023 4012 1184 4066 huiusmodi
1204 4027 1294 4068 causa
1312 4029 1405 4070 eoram

184 4095 226 4148 eis
235 4094 396 4147 successiue
407 4093 509 4157 scriba,
528 4095 595 4158 quia
606 4093 768 4147 huiusmodi
780 4095 930 4148 diffinitiua
938 4097 1079 4148 sententie
1094 4097 1324 4164 promulgationi
1335 4098 1407 4165 aliis·

183 4190 239 4242 que
257 4176 411 4242 premissis,
424 4176 492 4228 dum
509 4176 550 4241 (vt
565 4178 721 4242 prefertur)
738 4178 841 4230 flerent
851 4180 881 4230 et
892 4178 1057 4246 egerentur,
1069 4190 1189 4232 unacum
1200 4182 1408 4246 prenominatis

183 4259 304 4314 testibus
320 4272 438 4325 presens
458 4259 512 4321 iui,
533 4259 598 4311 ideo
616 4257 671 4311 hoc
687 4260 832 4325 publicum
854 4260 1075 4314 instrumentum
1094 4275 1147 4328 per
1167 4261 1259 4316 alium
1285 4263 1411 4319 fideliter

182 4342 321 4408 scriptum
333 4341 497 4410 subscripsi,
506 4342 536 4394 et
547 4341 577 4394 in
589 4340 663 4394 hanc
674 4342 817 4409 publicam
834 4345 955 4396 termam
966 4345 1077 4412 redegi,
1086 4345 1226 4411 signoque
1242 4347 1277 4400 et
1295 4349 1410 4402 nomme

183 4425 255 4479 meis
265 4424 357 4477 solitis
368 4427 397 4478 ct
409 4426 551 4478 consuetis
568 4426 820 4492 signaui,·vnacum
832 4427 900 4480 dicti
912 4427 1019 4481 domini
1030 4426 1182 4481 cardinalis
1194 4428 1409 4500 aquilegiensis

180 4510 285 4576 judicis
304 4509 529 4574 etoommissarii
547 4507 637 4574 sigilli
657 4508 841 4573 appensione,
859 4510 976 4575 rogatus
992 4510 1023 4562 et
1039 4508 1204 4574 requisitus,
1221 4509 1254 4563 in
1272 4512 1363 4567 tidem
1381 4515 1413 4568 et

94 4639 95 4643 ,
182 4592 380 4648 testimonium
391 4591 739 4660 omniumpremissorum.
