3256 5324
728 107 832 163 ANNO
850 106 994 159 lateletu
1418 108 1466 162 1oe

192 284 333 355 jacere
353 276 417 328 sine
428 275 505 330 linea
517 275 547 328 et
557 275 619 328 sine
631 274 738 341 pluma,
750 275 848 327 tenere
860 272 1015 335 silentium,
1027 272 1081 325 nisi
1094 273 1145 326 dat
1156 285 1209 339 per
1226 271 1389 336 licentiam
1410 270 1467 324 ele·

194 358 364 422 ,mosim
375 360 506 426 recipere
519 361 549 413 et
565 372 583 411 a
602 357 681 411 nullo
692 359 800 424 petere,
813 358 921 410 intrare
933 358 963 409 in
974 355 1128 423 hospitium
1140 356 1176 408 de
1193 353 1311 408 licentia
1323 353 1443 420 hospitis
1456 369 1464 417 ς

198 437 258 501 ει
269 438 306 492 in
316 442 438 494 introitu
450 444 480 494 et
491 442 583 495 eciam
599 442 629 494 in
641 441 720 494 exitu
731 437 826 492 dicere
838 440 989 506 quinquies
1000 439 1088 492 Pater
1097 438 1203 490 Noster
1210 438 1240 490 et
1248 436 1398 502 quinquies
1403 437 1463 490 Ave

200 520 339 587 fluia.
346 526 429 588 Item,
439 525 535 579 dicere
547 525 673 591 qualibet
681 524 728 576 die
737 524 767 575 in
779 537 861 576 mane
874 528 918 575 ter
930 524 1054 588 quinque
1072 523 1160 574 Pater
1169 521 1273 573 Noster
1282 522 1312 573 et
1321 521 1368 573 ter
1378 519 1461 585 quin·

204 618 290 670 aue
308 610 375 662 Ave
383 609 492 674 Μανίας
511 612 540 664 et
559 611 657 675 postea
668 609 760 662 adhuc
780 608 939 673 quinquies,
953 606 1062 659 scilicet
1082 605 1207 671 quinque
1227 604 1358 671 genubus
1379 603 1460 656 flexis

207 690 302 748 aab
323 693 486 757 prandium,
504 695 533 745 et
557 693 681 759 quinque
707 693 770 758 post
786 691 937 756 prandIum
959 691 988 741 et
1007 690 1131 756 quinque
1151 702 1203 753 per
1225 689 1347 749 noctem,
1365 686 1462 738 lavare

206 782 337 832 ssanus
355 789 419 827 suas
439 776 569 842 genubus
581 774 663 826 flexis
679 775 715 826 ad
727 776 833 825 terram
846 777 911 825 aute
920 772 1080 838 prandium,
1090 773 1118 822 et
1128 769 1271 835 nonloqui
1283 770 1319 822 ad
1331 783 1457 823 mensam

216 852 298 911 §ine
321 855 446 910 licentia.
467 856 542 910 Item
561 859 725 922 nonjurare
746 856 929 921 iuramentum
951 858 1071 920 tangens
1090 854 1204 906 Domini
1227 853 1398 919 passionem,
1410 866 1462 904 nec

218 932 335 990 dicere
346 939 434 991 verba
444 939 620 1004 blasphemie
631 940 691 990 toto
708 951 792 989 eursu
809 938 867 988 vite
887 950 947 997 sue,
971 937 1001 987 in
1025 936 1161 999 quantum
1174 936 1263 1000 potes.
1282 934 1365 997 Item,
1385 934 1463 986 omni

224 1015 284 1070 die
308 1020 455 1073 Passionis
481 1022 637 1082 Dominice,
663 1021 793 1086 jejunare
813 1020 843 1070 in
863 1020 935 1070 escis
952 1017 1244 1083 quadragesimalibus
1265 1017 1295 1068 in
1324 1018 1462 1082 quantum

230 1104 358 1172 potoris,
385 1106 417 1156 ct
437 1107 467 1156 tu
487 1105 585 1168 vives3
603 1104 632 1155 et
651 1104 699 1155 die
718 1104 837 1154 Veneris
865 1103 894 1152 in
915 1114 1075 1166 parasceve,
1096 1103 1128 1152 tu
1154 1098 1347 1166 disciplinatis
1375 1101 1464 1152 temet

232 1187 333 1247 ipsum
344 1189 390 1238 ter
400 1187 493 1238 solum
505 1188 563 1238 tam
571 1187 606 1239 de
618 1186 665 1237 die
677 1199 761 1250 quam
773 1186 808 1236 de
819 1187 911 1246 nocto,
922 1186 951 1235 et
960 1198 1013 1249 per
1022 1186 1132 1234 tautum
1153 1183 1274 1247 spatium
1287 1182 1361 1248 quod
1372 1183 1463 1247 possis
1528 1223 1531 1230 .

241 1265 338 1321 dicere
348 1269 498 1334 quinquies
515 1271 600 1322 Pater
617 1269 722 1321 Noster
741 1270 771 1319 et
790 1267 940 1332 quinquies
963 1267 1021 1317 Ave
1035 1265 1138 1317 Maria.
1154 1264 1238 1327 Item,
1250 1264 1274 1316 si
1287 1263 1390 1329 aliquis
1403 1266 1463 1317 Ira·

244 1355 320 1403 uum
330 1352 490 1403 nostrorum
502 1366 566 1404 cum
576 1351 632 1404 alio
649 1353 739 1404 tratre
751 1364 802 1402 suo
813 1351 950 1412 decertet,
970 1349 1068 1400 dicens
1080 1349 1156 1413 quod
1176 1347 1330 1399 mentiatur
1347 1347 1377 1399 et
1387 1347 1462 1411 quod

252 1431 287 1486 sit
301 1433 501 1496 contradicens,
519 1435 580 1499 ipse
591 1434 739 1486 emendam
750 1433 881 1499 prebebit
894 1445 946 1497 per
966 1430 1165 1483 discretionem
1177 1432 1340 1481 nostrorum
1351 1430 1460 1480 contes-

255 1528 347 1568 somm.
364 1514 448 1577 Item,
466 1516 496 1566 tu
519 1529 576 1567 non
598 1516 725 1580 portabis
736 1515 895 1566 armaturas
907 1527 959 1566 nee
981 1513 1037 1564 ibis
1051 1513 1081 1563 in
1102 1510 1186 1563 bellis
1203 1525 1255 1576 pro
1274 1523 1462 1575 quocumque,

259 1600 359 1662 excepto
371 1599 420 1648 tuo
438 1610 506 1648 vero
525 1597 658 1648 Domino.
679 1597 762 1658 Item,
782 1595 877 1648 nullus
897 1596 1020 1661 deponat
1030 1607 1144 1646 crucem
1160 1593 1263 1656 eundo,
1275 1592 1399 1644 sedendo
1418 1593 1462 1644 vel

260 1679 368 1749 jacendo,
381 1680 430 1743 qui
446 1693 502 1731 non
518 1679 621 1732 habeat
641 1679 783 1731 colobium
800 1677 844 1730 vel
862 1676 1011 1740 capellum.
1033 1674 1115 1737 Item,
1128 1688 1211 1727 neme
1223 1674 1310 1726 debet
1328 1673 1408 1725 exire
1427 1673 1462 1726 de

262 1763 376 1815 sodetate
393 1774 446 1813 nee
463 1774 548 1813 sanus
568 1775 621 1813 nec
641 1775 711 1828 eger
729 1762 791 1813 sine
803 1760 928 1819 licentia,
942 1773 994 1810 nec
1003 1759 1104 1810 sedere
1116 1758 1151 1810 ad
1163 1770 1289 1809 mensam
1301 1755 1363 1808 sine
1375 1754 1460 1808 licen·

262 1847 297 1898 tia
307 1842 490 1906 lemannus
500 1844 701 1908 sedisciplinet
717 1845 747 1895 in
764 1842 956 1907 tantumquod
969 1841 1059 1906 possit
1074 1839 1212 1906 languere
1223 1838 1269 1892 vel
1279 1838 1361 1890 mori.
1378 1837 1461 1900 Item,

259 1930 281 1979 tu
300 1927 378 1979 debes
399 1925 468 1977 dare
485 1924 655 1978 elemosInas
677 1925 848 1991 pauperibus
872 1924 1027 1976 secundum
1054 1924 1136 1975 tuum
1153 1935 1247 1988 posse.
1269 1920 1351 1983 Item,
1368 1935 1461 1983 nemo,

256 2011 349 2059 unnim
357 2007 395 2058 sit
405 2006 485 2059 dives
496 2006 541 2060 vel
553 2021 682 2074 magnus,
692 2008 777 2058 debet
793 2006 960 2058 elemosinas
972 2007 1098 2058 refutare
1115 2019 1167 2070 pro
1190 2017 1288 2056 amore
1300 2005 1362 2056 Dei.
1388 2003 1461 2056 Item

253 2091 276 2140 tu
286 2090 368 2142 debes
378 2103 445 2141 cum
462 2089 611 2142 intellectu
619 2089 725 2142 habere
734 2103 784 2140 cor
792 2102 857 2141 cum
868 2102 918 2141 ore
929 2089 959 2139 iu
968 2087 1051 2140 laude
1069 2091 1098 2140 et
1107 2087 1264 2153 penitentia
1281 2099 1461 2153 perseveran-

249 2171 293 2221 ter
305 2174 331 2224 et
348 2185 432 2224 orare
452 2185 504 2237 pro
523 2173 584 2223 tota
602 2174 700 2223 sancta
718 2170 935 2233 christianItate,
956 2171 1031 2236 quod
1049 2171 1126 2222 Deus
1147 2183 1258 2222 cessare
1280 2169 1369 2221 iaciat
1387 2168 1460 2221 hanc

159 2267 161 2281 ³
244 2253 455 2317 mortaliiatem,
473 2255 503 2306 et
522 2255 603 2305 nobis
620 2253 769 2320 indulgeat
785 2258 883 2306 nostra
898 2256 1023 2319 peccata
1047 2252 1130 2314 Item,
1151 2253 1176 2303 si
1196 2250 1301 2316 aliquis
1317 2251 1461 2303 esttrans·

241 2336 374 2396 mediana
393 2335 439 2389 vel
457 2337 733 2402 mnuadioens,1pse
744 2337 897 2389 emendare
908 2336 993 2388 debet
1004 2349 1056 2401 per
1067 2335 1267 2386 discretionem
1281 2334 1460 2400 superiorum

238 2421 445 2483 comessorum,
463 2420 552 2484 etqui
563 2433 748 2486 perseverans
768 2420 928 2485 reperietur
948 2431 1037 2483 usque
1057 2419 1087 2471 in
1100 2417 1195 2482 finem,
1208 2413 1405 2482 privilegiatus
1416 2416 1462 2466 est

234 2502 355 2557 cernei
364 2502 489 2567 gratiam
500 2502 640 2568 regnandi
656 2501 802 2569 ingloria.
816 2500 898 2563 Item,
910 2501 935 2552 si
948 2499 1058 2565 aliquis
1079 2501 1199 2551 tratmm
1216 2499 1367 2550 decederet
1385 2498 1462 2548 intra

233 2576 394 2635 ὶθωίηιιω
403 2583 554 2649 disciplina
561 2585 692 2646 durante,
703 2584 895 2647 unusquisque
907 2584 1020 2635 tenetur
1031 2595 1063 2633 se
1075 2580 1256 2646 discipliuarc
1274 2594 1327 2645 per
1338 2579 1461 2646 spatIum

230 2660 284 2715 ter
299 2667 427 2733 quinque
446 2667 535 2719 Pater
546 2667 650 2718 Noster
666 2669 696 2718 et
715 2669 760 2719 ter
781 2667 906 2731 quinque
927 2667 986 2718 Ave
1004 2664 1107 2716 Maria.
1128 2663 1202 2716 Item
1223 2661 1364 2725 volumus,
1381 2663 1457 2728 quod

226 2749 435 2815 unusquisqne
456 2751 495 2801 sit
516 2749 658 2816 obligatus
677 2749 714 2802 ad
741 2746 903 2815 pdnendum
927 2748 1056 2800 habitum
1078 2761 1161 2799 suum
1181 2744 1405 2812 penitentialem,
1430 2746 1460 2798 et

221 2832 403 2898 teor-plenas
413 2845 501 2897 supra
516 2845 600 2883 suum
617 2830 732 2894 lectum,
750 2832 785 2884 ad
802 2831 982 2883 retinendum
1001 2830 1168 2882 memoriam
1187 2829 1327 2895 passionis
1344 2828 1458 2881 Domitii

216 2914 326 2966 nostri
342 2912 436 2967 assu
453 2912 551 2966 cristi
571 2913 655 2977 Item,
667 2918 698 2966 tu
715 2917 744 2966 te
755 2914 841 2966 debes
853 2913 982 2979 obligare
994 2913 1030 2965 ad
1047 2915 1135 2963 totam
1152 2912 1352 2964 abstInentiam
1363 2911 1459 2963 carnis

211 2995 401 3054 ‘vocaliter
419 2997 480 3048 toto
508 3009 593 3047 cursu
615 2996 673 3048 vite
692 2998 750 3059 tue,
768 2999 798 3048 et
813 2995 957 3047 custodire
973 2995 1070 3047 macte
1088 2995 1168 3046 tuum
1189 2995 1404 3048 matrimonium
1431 2995 1461 3047 et

206 3080 289 3210 {aa
307 3079 411 3144 iurare
427 3080 458 3132 in
469 3094 584 3134 vanum.
600 3081 682 3143 Item,
695 3082 769 3147 quod
782 3094 880 3133 omnes
890 3093 922 3132 se
932 3078 1093 3132 custodiant
1109 3079 1145 3130 de
1156 3092 1207 3130 esu
1226 3078 1355 3130 carnium
1365 3077 1395 3129 tn
1409 3078 1457 3130 die

254 3162 384 3214 emilii.
398 3184 413 3207 υ

257 3242 372 3297 Omnia
393 3245 565 3310 supradicta,
586 3258 641 3311 que
663 3246 802 3298 Intrantes
817 3245 1029 3311 promittebant,
1049 3244 1143 3310 prima
1158 3245 1232 3296 Iaoie
1248 3244 1387 3309 apparent
1411 3256 1458 3295 ros

202 3314 355 3379 honeste
369 3327 522 3390 etdevote,
534 3329 559 3379 si
578 3341 629 3380 cor
645 3329 688 3379 ori
710 3328 905 3390 concordaret,
928 3330 958 3380 et
973 3329 998 3378 si
1015 3327 1232 3393 perseverancia
1249 3327 1409 3392 appareret,
1429 3327 1460 3378 et

202 3410 334 3462 meta
347 3411 443 3462 mater
458 3409 579 3463 ecclesia
595 3411 626 3462 in
636 3409 691 3463 hoc
699 3424 867 3462 consensum
878 3412 907 3463 et
918 3411 1117 3463 auctoritatem
1131 3409 1290 3462 adhiberet.

265 3491 411 3552 Quoniam
428 3494 524 3545 alitem
535 3493 612 3546 Deus
629 3493 706 3545 solus
717 3496 761 3560 est
772 3495 904 3559 cognitor
914 3495 1089 3545 secretorum
1105 3493 1134 3543 et
1151 3491 1288 3553 cordium,
1302 3492 1351 3557 qui
1368 3490 1458 3542 dicit:

217 3589 241 3615 ι
258 3573 333 3626 Sine
350 3587 399 3626 me
418 3573 506 3626 nichil
526 3576 645 3640 potestis
664 3576 769 3638 Iacere,
783 3598 796 3619 ι
814 3576 921 3627 idcirco
938 3589 995 3627 non
1015 3574 1136 3627 interest
1153 3587 1217 3626 mea
1233 3575 1392 3639 approbare
1412 3573 1462 3626 aut

219 3656 409 3721 reprobare3
433 3657 463 3709 et
478 3657 551 3709 sicut
562 3657 632 3709 dicit
650 3659 750 3711 beatus
765 3658 958 3724 Augustinus:
978 3677 991 3700 ιι
1004 3657 1113 3709 cotidie
1134 3655 1280 3709 celebrare
1300 3669 1352 3708 nec
1376 3656 1460 3709 laudo

226 3751 292 3791 mec
299 3738 444 3805 ribapero3
454 3761 468 3784 ι
481 3742 511 3791 et
526 3741 639 3806 sapiens
658 3739 785 3792 &necaz
805 3761 818 3783 ιι
829 3740 927 3792 Lauda
937 3752 1031 3806 parce,
1041 3740 1173 3806 vitupera
1184 3739 1314 3805 parcium
1326 3761 1340 3784 ι
1356 3739 1386 3790 et
1396 3738 1460 3790 ideo

235 3819 377 3888 indicium
389 3821 536 3873 commItto
552 3823 607 3888 ipsi
631 3822 691 3874 Deo
708 3836 817 3874 summo
834 3824 972 3875 etsanots
991 3823 1075 3874 matri
1096 3821 1226 3884 ecclesie,
1252 3821 1330 3887 quia,
1353 3821 1377 3872 si
1396 3821 1461 3873 linis

242 3904 333 3956 bonus
343 3904 395 3966 est,
404 3904 496 3956 tottam
506 3905 661 3970 precedens
680 3906 737 3957 erit
755 3906 877 3969 bonum3
898 3906 1044 3958 astantem
1056 3905 1224 3957 intentionis
1235 3903 1460 3969 meeinseriptis

252 3983 336 4052 redigi
352 3987 448 4038 Iacere
469 3985 506 4038 ad
522 3987 651 4039 notitam
668 3989 840 4052 intimorum,
851 3989 920 4052 quia
935 3987 993 4040 tale
1010 3988 1078 4052 quid
1101 4000 1246 4052 nunquam
1262 3986 1355 4038 visum
1374 3986 1461 4038 tutta

263 4080 418 4135 quocumque
439 4069 615 4134 temporibus
631 4070 786 4134 preteritis,
802 4068 913 4122 scilicet
928 4070 1041 4121 modum
1058 4070 1137 4133 tacti,
1149 4069 1264 4121 modum
1280 4069 1412 4131 vestium,
1431 4071 1461 4122 et

268 4149 366 4220 quatiar
383 4152 413 4206 in
431 4151 590 4218 penitentia
615 4153 747 4205 tacteuda
767 4166 799 4205 se
815 4153 959 4220 gerebant.
986 4152 1070 4206 Multi
1097 4151 1223 4219 plurima
1249 4153 1412 4206 scribebant
1431 4156 1462 4206 et
