3188 5340
195 455 247 508 4⁰⁰
714 458 818 513 uuuo
837 459 902 512 ruo

197 622 313 687 queudi,
331 621 401 675 duas
418 623 577 676 successive
593 623 823 678 commissionum
840 627 900 678 sive
922 625 1180 692 suppplicationum
1192 627 1319 692 sedulas,
1336 643 1413 682 reco-

195 703 280 757 lende
292 706 432 758 memorie
443 706 585 770 quondam
596 705 714 760 zelatori
723 708 791 760 fidei
802 709 1011 762 ferreutissimo
1027 710 1150 778 Angelo,
1168 711 1246 764 tituli
1258 716 1413 765 unctorum

195 787 277 840 Petri
296 789 326 840 et
336 787 497 842 Marcellini
515 789 678 854 cardinalis,
699 791 871 845 Veronensis
889 791 1049 859 vulgariter
1065 796 1238 860 nuncupato,
1260 809 1314 861 per
1329 797 1413 848 certus

193 883 260 922 suos
284 884 416 923 cursores
433 873 591 924 successive
609 873 770 938 presentari
786 874 864 938 tecit,
882 887 1002 939 quarum
1020 876 1110 940 prime
1126 877 1210 929 tenor
1227 878 1264 929 de
1280 878 1367 930 verbo
1382 878 1412 931 ad

194 948 312 1002 verbum
323 950 453 1014 sequitur
463 951 493 1003 et
504 951 548 1003 est
558 950 624 1003 talis
637 966 643 1002 :

228 1051 241 1080 ι
253 1031 421 1086 Beatissimo
432 1032 526 1098 pater.'
537 1033 699 1099 Exponitur
709 1035 854 1088 sanctitati
864 1038 959 1089 vestre
975 1038 1104 1102 exparte
1116 1039 1203 1090 vestri
1221 1038 1318 1092 devoti
1330 1042 1412 1092 orato

195 1115 246 1176 ris,
274 1116 373 1167 fratris
392 1115 500 1168 Mathei
529 1117 659 1180 (lrabow,
686 1118 841 1171 conventus
865 1118 1098 1184 Wysmariensis,
1123 1121 1271 1185 provincie
1288 1120 1410 1180 Suonie,

196 1197 305 1249 ordinis
332 1198 553 1263 predicatorum,
578 1212 611 1252 ac
630 1199 858 1267 Raaeburgensis
884 1201 1015 1264 diocesis,
1042 1203 1126 1267 quod,
1156 1205 1305 1269 cumipse
1330 1204 1410 1257 lector

157 1283 160 1289 ’
196 1281 321 1332 existens
337 1281 368 1331 in
386 1283 526 1332 conventu
544 1282 743 1348 Grouingensi,
765 1283 886 1335 diocesis
906 1284 1107 1347 Traiectensis,
1126 1285 1202 1337 dicte
1227 1287 1372 1350 provincie
1385 1288 1409 1336 et

194 1362 313 1428 ordinis,
331 1362 442 1414 videret
461 1363 645 1428 quamplures
662 1377 799 1430 personas
810 1379 894 1418 sexus
911 1368 1068 1433 utriusque,
1087 1381 1160 1420 nove
1171 1367 1324 1434 religionis
1340 1366 1407 1418 hsti-

193 1446 255 1496 tum
283 1447 459 1498 assumentes
484 1446 515 1498 et
539 1446 736 1500 conventicula
763 1450 911 1513 iacientes,
939 1449 1048 1502 nullum
1076 1449 1205 1503 habitum
1231 1449 1406 1516 approbatum

194 1528 360 1592 profitentes
381 1529 595 1593 statuentesque
620 1529 674 1580 sibi
698 1531 768 1596 ipsis
785 1532 947 1597 superiores
964 1547 1016 1598 pro
1035 1532 1118 1585 libito
1138 1532 1294 1585 voluntatis
1316 1536 1345 1585 et
1362 1533 1404 1583 sut

193 1609 326 1662 simulata
345 1610 494 1662 devotione
522 1610 642 1676 populos
667 1612 844 1665 attrahentes
868 1616 897 1666 et
925 1613 1014 1665 multa
1039 1615 1138 1666 contra
1161 1615 1312 1667 veritatem
1336 1627 1404 1666 sacre

192 1692 333 1758 scripture
356 1694 386 1744 et
408 1706 504 1745 sacros
521 1706 644 1745 canones
664 1695 864 1761 attemptantes
884 1698 914 1748 et
938 1697 974 1748 de
993 1695 1157 1749 elemosinis
1182 1696 1403 1748 christifidelium

191 1775 290 1826 domos
311 1776 490 1840 sumptuosas
507 1776 542 1828 ad
562 1777 676 1829 modum
701 1779 939 1831 monasteriorum
962 1778 1138 1846 regularium
1156 1779 1322 1831 edificantes
1338 1781 1366 1830 et
1379 1792 1402 1828 se

190 1856 310 1909 invicem
328 1858 421 1910 ineis
448 1856 626 1911 includentes
653 1874 717 1911 cum
742 1860 937 1914 observatione
962 1861 1139 1926 quorundam
1165 1862 1274 1913 rituum
1299 1860 1401 1912 minime

190 1953 242 2004 per
261 1939 411 1992 ecclesiam
429 1940 660 2005 approbatorum,
689 1944 764 2008 cepit
784 1957 870 2008 super
895 1943 949 1995 hoc
975 1944 1050 2009 apud
1077 1944 1264 2009 semetipsum
1281 1943 1401 1995 ardenter

191 2023 319 2088 cogitare
343 2024 382 2086 et,
399 2035 436 2073 sn
456 2021 510 2073 hoc
529 2022 670 2074 stantibus
694 2021 803 2090 regulis
829 2025 896 2077 fidei
916 2026 946 2077 et
970 2026 1059 2077 sacris
1085 2025 1243 2077 canonibus
1265 2023 1400 2076 ecclesiam

192 2103 371 2156 dissimulare
389 2103 515 2167 deberet,
528 2103 732 2169 revolvensque
749 2105 916 2172 diligentius
933 2120 1013 2158 sacre
1034 2107 1175 2172 scripture
1195 2108 1399 2168 sanctorumque

190 2186 336 2238 doctorum
349 2185 438 2237 libros
450 2187 480 2238 et
490 2200 586 2238 sacros
602 2200 734 2246 canones,
745 2189 880 2252 quasdam
892 2187 1088 2240 conclusiones
1100 2190 1287 2254 reprobantes
1297 2189 1398 2240 illorum

187 2270 299 2322 vivendi
311 2270 426 2321 modum
435 2268 560 2321 extraxit
571 2272 601 2323 et
611 2271 752 2336 scripture
763 2271 970 2323 commendavit
981 2271 1025 2336 (l).
1036 2271 1073 2323 Ilt
1084 2284 1171 2337 super
1178 2270 1239 2323 illis
1251 2273 1285 2324 ad
1297 2271 1396 2338 plenum

187 2351 222 2402 de
239 2352 354 2417 proprio
375 2352 491 2418 ingenio
511 2365 568 2402 non
588 2352 733 2404 conlidens
749 2366 815 2404 cum
835 2353 1003 2418 quibusdam
1021 2352 1144 2405 literatis
1163 2353 1273 2419 pluries
1292 2351 1396 2405 contulit

186 2434 238 2485 sub
260 2435 381 2496 secreto,
400 2447 522 2497 quorum
549 2448 623 2485 unus
651 2434 742 2486 dictas
761 2434 959 2508 conclusiones
984 2450 1050 2487 cum
1072 2437 1131 2487 suis
1157 2436 1348 2501 probamentis
1369 2435 1395 2484 de

186 2529 299 2568 camera
326 2516 472 2568 cuiusdam
491 2514 610 2577 literati,
631 2517 677 2567 cui
704 2517 864 2569 tradiderat
890 2518 1103 2583 examinandas,
1126 2518 1233 2571 furtive
1255 2519 1347 2582 rapuit
1361 2519 1394 2580 (t).

186 2597 294 2658 Quibus
310 2599 499 2650 diversimode
516 2599 732 2651 communicatis
752 2598 896 2663 hincinde,
920 2600 1088 2664 quibusdam
1111 2601 1198 2652 etiam
1219 2600 1394 2654 sacerdotibus

186 2679 360 2745 simplicibus
377 2683 604 2747 procurantibus,
628 2683 658 2734 et
685 2682 769 2733 dictis
795 2683 923 2748 personis
949 2683 1161 2746 adherentibus,
1186 2684 1248 2749 ipse
1269 2695 1393 2749 exponens

186 2776 239 2828 per
250 2763 426 2816 ordinarium
444 2763 480 2829 (3)
490 2764 547 2815 luit
558 2765 587 2815 in
601 2778 686 2816 causa
698 2765 765 2817 fidei
777 2764 813 2816 ad
824 2765 961 2816 iudicium
974 2765 1091 2828 tractus,
1104 2767 1134 2817 et
1145 2768 1265 2832 propter
1275 2766 1392 2832 plurimas

186 2846 349 2898 vexationes
361 2847 415 2898 sibi
435 2846 530 2899 illatas
550 2861 603 2911 per
620 2848 713 2911 ipsum
736 2848 921 2909 ordinarium,
943 2861 1013 2912 quas
1036 2848 1149 2910 quidem
1169 2851 1199 2900 et
1216 2848 1392 2901 conclusiones

185 2930 295 2994 pariter
310 2928 357 2980 hic
378 2929 484 2982 habere
496 2929 655 2996 dignemini
668 2943 721 2994 pro
733 2929 908 2982 sufficienter
919 2931 1070 2994 expressis,
1089 2944 1144 2981 non
1157 2929 1255 2982 valeus
1266 2945 1296 2982 se
1307 2932 1389 2996 ipsun,

186 3012 253 3075 quia
268 3013 299 3063 in
316 3010 368 3064 illa
392 3011 499 3065 diocesi
523 3011 635 3064 alienus
655 3013 728 3072 erat,
745 3010 899 3065 deleudcre
919 3012 1029 3077 inipso
1047 3013 1161 3072 iudicio,
1188 3011 1389 3065 acclamantibus

186 3095 295 3146 cunctis
314 3094 347 3146 iu·
367 3096 493 3148 favorem
510 3094 653 3145 dictarum
671 3106 859 3159 personarum
873 3095 968 3159 ipsum
982 3107 1045 3147 esse
1061 3093 1232 3157 hereticum,
1249 3097 1285 3147 ad
1300 3095 1388 3146 iudices

186 3176 251 3228 fidei
269 3175 353 3229 huius
370 3177 444 3229 sacri
461 3174 606 3244 generalis
626 3175 850 3228 Constantieusis
866 3175 981 3229 concilii
992 3178 1125 3241 tanquam
1142 3177 1178 3229 ad
1190 3177 1387 3230 saluberrimum

186 3258 330 3325 retugium
346 3257 518 3311 fiducialiter
542 3271 695 3311 recurrens
715 3259 843 3324 ipsorum
859 3258 965 3312 iudicio
986 3261 1111 3324 prelatas
1128 3259 1323 3313 conclusiones
1340 3270 1387 3310 cun

186 3341 244 3392 suis
255 3341 469 3406 probationibus
480 3340 613 3392 submisit
624 3340 820 3406 approbandus
831 3343 881 3394 aut
891 3341 1093 3407 reprobandas,
1110 3345 1197 3407 prout
1213 3343 1256 3394 cis
1272 3342 1387 3408 expedire

186 3422 340 3488 videretur,
361 3437 425 3476 cum
442 3422 700 3489 protestationibus
717 3423 872 3487 requisitis,
890 3422 997 3477 nullam
1014 3437 1050 3476 ex
1069 3423 1124 3476 hoc
1135 3425 1278 3478 actionem
1293 3434 1387 3477 morem

185 3506 285 3557 contra
303 3520 509 3570 quemcunque,
527 3519 612 3570 quem
629 3506 697 3558 licet
715 3507 826 3572 partem
838 3508 1000 3572 oppositam
1012 3520 1069 3559 non
1090 3507 1220 3570 haberet,
1241 3509 1332 3560 tamen
1350 3503 1386 3556 sub

184 3600 259 3650 pena
275 3587 396 3639 convicti
413 3588 444 3639 in
461 3586 524 3640 loco
536 3587 651 3639 concilii
668 3589 719 3651 sic,
739 3589 815 3653 quod
833 3589 960 3652 deberet,
973 3603 1038 3641 cum
1056 3592 1208 3642 vocaretur
1227 3604 1320 3642 coram
1334 3587 1387 3652 ipsit

184 3670 374 3734 personaliter
390 3684 565 3736 comparere,
584 3672 674 3723 donec
693 3683 780 3736 super
792 3670 850 3722 illis
866 3673 1005 3724 maturius
1016 3671 1233 3738 deliberassent,
1250 3675 1281 3725 ut
1292 3672 1385 3728 dicim

183 3755 371 3817 arrestarunt,
394 3755 424 3807 et
446 3755 487 3805 sic
509 3753 538 3804 in
552 3752 606 3805 hac
624 3754 737 3805 civitate
764 3752 974 3807 Constantiensi
992 3754 1088 3807 multis
1113 3754 1215 3807 diebus
1234 3755 1265 3806 in
1284 3753 1385 3807 maxim

219 3985 255 4054 (l)
271 3985 332 4038 Van
352 3984 515 4038 Bcctrbsimc
526 3990 611 4052 pater
620 3984 662 4035 tot
679 3982 790 4037 hiertoe
810 3985 864 4049 nun
878 3983 929 4036 het
940 3983 1066 4037 deseltde
1078 3985 1214 4038 woorden
1232 3983 1274 4038 als
1291 3985 1320 4037 in
1334 3983 1384 4036 dra·

185 4068 271 4122 bow’s
291 4071 385 4122 eerste
402 4068 554 4122 aanklacht
577 4068 731 4120 hierbouen
749 4067 903 4135 aigedrukt
922 4083 957 4134 op
976 4067 1028 4120 bla.
1044 4067 1111 4135 2163
1124 4069 1224 4122 aldaar
1240 4070 1318 4137 rolgt
1331 4079 1385 4121 eens

184 4153 390 4219 breedvoerige
411 4152 495 4204 reeks
517 4165 570 4204 van
587 4149 780 4218 godgeleerde
803 4150 1043 4218 beschouwingeu
1059 4165 1094 4204 en
1117 4151 1274 4221 stellingen
1294 4149 1386 4221 gericht

183 4237 270 4302 tegen
289 4237 325 4287 de
343 4233 567 4299 Broederschap,
590 4232 695 4285 sunder
711 4245 799 4285 meer.

215 4317 251 4384 (2)
267 4316 416 4384 Vergelljk
427 4316 572 4369 hiermede
583 4314 634 4367 het
644 4314 803 4381 eenigsains
814 4316 916 4369 anders
925 4314 1042 4369 luidend
1053 4316 1169 4370 verhaal
1187 4333 1243 4372 van
1255 4318 1388 4381 Busehilu,

183 4398 338 4452 hierboven
357 4403 386 4452 te
403 4399 505 4451 vinden
528 4412 564 4463 op
582 4397 635 4449 bla.
654 4395 712 4450 228.

211 4480 246 4546 (3)
266 4480 409 4545 NameliJk
430 4480 568 4532 Frederik
589 4479 632 4532 111
652 4493 705 4531 van
728 4479 945 4545 Blankenheim,
966 4481 1099 4549 bisschop
1119 4497 1172 4536 vau
1198 4484 1328 4540 Utrecht
