3188 5340
478 462 487 484 ι
543 518 647 575 ANNO
665 518 811 575 lest-1³50
1240 513 1286 576 101

90 686 214 753 thuid
230 686 324 739 dimm
343 685 379 738 de
395 683 564 740 mulieribus
584 681 713 738 lsscivist
733 682 799 750 Ipse
818 683 895 737 enim
911 683 1002 737 instar
1017 683 1048 736 et
1068 683 1284 739 similitudinem

57 769 211 824 bominum
231 769 263 821 in
285 767 411 821 vestibus
436 768 466 820 et
489 767 621 821 omnibus
637 767 696 820 suis
716 766 889 820 ornamentis
911 766 1111 832 sequebantur.
1132 768 1230 822 stricte
1253 783 1285 823 se

57 848 209 906 vestiendo
220 853 250 904 et
267 864 319 918 per
334 851 449 903 strictas
469 851 562 903 vestes
581 851 674 903 formu
692 849 829 902 nuditatis
846 863 945 902 esrum
956 850 1119 916 apparebat.
1138 851 1284 904 ornabant

60 937 150 989 etiam
160 935 257 1001 cupita
276 947 329 986 sua
344 931 456 999 capillis
473 931 585 996 cilenis,
605 933 747 985 cornubus
770 933 881 1000 mugnis
903 933 977 984 sicut
993 932 1109 994 bestiae,
1130 933 1231 986 euntes
1247 933 1284 986 ad

60 1017 210 1081 eeclesias,
227 1029 280 1082 per
290 1018 377 1078 vicos,
389 1029 441 1082 per
452 1015 577 1081 platess3
591 1018 621 1068 et
632 1015 707 1067 siem
723 1016 782 1068 itur
792 1017 828 1069 ad
840 1017 963 1081 nuptias,
975 1015 1063 1078 ibant,
1075 1015 1210 1080 quociens
1221 1018 1284 1070 erat

61 1103 246 1166 oportunum,
269 1099 304 1152 ad
318 1097 479 1164 sepulturas
495 1100 681 1160 mortuorum,
693 1099 728 1151 ed
747 1100 876 1161 servicis,
894 1099 930 1151 sd
952 1098 1160 1164 predicationes
1179 1100 1208 1151 et
1227 1097 1285 1152 slia

61 1183 126 1235 loca
137 1181 318 1246 ubicumque.
337 1182 430 1245 Atque
439 1193 491 1246 per
502 1177 572 1232 talia
582 1181 659 1232 viros
676 1181 711 1233 ed
723 1193 771 1233 eas
784 1180 989 1246 inspiciendum
1006 1179 1174 1256 videbantur
1184 1193 1282 1246 provo·

60 1277 139 1328 esre,
157 1261 318 1316 nouaclum
330 1262 360 1314 in
372 1262 518 1328 predictis,
528 1262 579 1314 sed
590 1263 680 1314 eciem
692 1263 721 1313 in
741 1263 870 1313 omnibus
882 1263 941 1314 suis
953 1257 1049 1328 gestis.
1063 1262 1123 1316 Nec
1139 1264 1202 1316 erat
1213 1278 1283 1330 opus

61 1348 210 1413 scripture
226 1345 364 1399 dicentis:
383 1344 467 1396 Castu
488 1345 532 1396 est
548 1358 633 1408 quam
651 1357 734 1396 nemo
746 1344 868 1410 rogavit,
886 1344 953 1408 quia
969 1357 1022 1408 per
1033 1347 1126 1407 nutus,
1134 1358 1186 1411 per
1198 1346 1282 1410 risus,

60 1446 113 1498 per
128 1430 302 1496 jactationes
312 1428 460 1481 oculorum
477 1426 607 1480 homines
623 1429 829 1493 pmvocsbant3
842 1428 877 1480 de
885 1427 1011 1490 lascivia,
1022 1427 1057 1479 de
1066 1426 1216 1480 centilenis
1233 1429 1282 1481 lu·

60 1513 196 1576 serioris,
204 1512 241 1565 de
249 1512 330 1564 novis
340 1511 553 1564 inventionibus
562 1509 747 1571 saltatricum,
765 1511 1019 1562 instrumentorum
1031 1515 1060 1562 et
1078 1511 1204 1564 omnium
1216 1509 1285 1563 stio-

60 1609 125 1649 rum
136 1594 257 1663 longum
276 1595 352 1647 esset
371 1606 516 1647 ensrrure.
531 1593 665 1646 Homines
676 1592 893 1655 ecclesiasticos,
907 1592 981 1656 quod
993 1592 1144 1646 dolendum
1161 1596 1214 1656 est,
1226 1608 1283 1646 non

61 1677 184 1731 excludo
210 1675 339 1730 totsliter
362 1689 381 1729 e
408 1675 558 1742 precisum
588 1676 655 1740 quia
677 1688 711 1727 ve
734 1674 867 1727 ecclesie!
895 1675 1016 1727 Videtur
1043 1677 1154 1742 tempus
1173 1678 1284 1730 venisse

60 1761 137 1827 quod
152 1760 262 1812 dictum
273 1759 333 1811 est:
352 1760 384 1811 ut
391 1757 522 1824 populus,
533 1756 575 1810 stc
583 1758 730 1821 sacerdos;
743 1760 774 1810 et
784 1761 923 1823 apparent
934 1758 964 1809 in
975 1758 1105 1811 omnibus
1117 1771 1214 1812 rerum
1223 1772 1282 1813 mu·

51 1843 186 1897 'udones
197 1842 228 1895 et
237 1841 432 1906 unnsquisque
443 1840 473 1892 in
486 1854 538 1893 sua
548 1840 722 1894 conscientie
730 1839 784 1892 boc
792 1840 921 1893 advertat
932 1840 1082 1905 etjudicet

93 1926 174 1979 Dicit
184 1926 262 1978 enim
281 1927 379 1978 sencta
395 1925 478 1991 virgo
490 1923 673 1990 Hildegsrdis
688 1925 718 1975 in
730 1925 851 1993 quadam
871 1921 992 1989 epistola
1002 1924 1037 1976 de
1049 1926 1177 1990 personis
1188 1925 1285 1980 eccle·

61 2009 198 2061 euticis:
210 2007 316 2060 Vocem
333 2020 446 2073 quoque
463 2005 570 2060 hebent
579 2006 609 2059 et
620 2021 677 2059 non
694 2005 825 2068 clament,
843 2019 932 2073 opera
947 2006 1038 2059 eciem
1049 2007 1091 2059 eis
1103 2006 1169 2060 dats
1179 2012 1245 2061 sunt
1256 2011 1286 2063 et

61 2091 302 2157 nonoperantur3
320 2089 444 2156 gloriam
468 2089 574 2153 absque
595 2090 699 2141 merito
720 2087 826 2142 habere
848 2088 956 2152 volunt,
976 2091 1006 2142 et
1023 2090 1156 2142 meritum
1178 2091 1284 2156 absque

60 2186 157 2240 opere.
183 2172 239 2234 Qui
258 2172 383 2239 gloriam
403 2173 501 2224 tamen
519 2170 626 2224 babere
645 2171 716 2233 vult,
733 2173 937 2238 proprietatem
959 2185 1038 2224 susm
1061 2171 1216 2224 abscindet.
1228 2172 1284 2232 Qui

59 2255 197 2309 meritum
207 2254 281 2320 apud
299 2255 391 2316 Deum
401 2253 557 2318 desiderat,
571 2266 641 2318 opus
650 2253 686 2305 ad
699 2251 753 2304 boc
765 2252 906 2306 exhibeat.
920 2252 1088 2319 speculator
1097 2254 1174 2307 enim
1185 2257 1229 2308 cst
1240 2255 1285 2309 de

59 2351 147 2404 siper
156 2337 266 2399 videns,
283 2336 464 2389 dissimulans
473 2337 502 2390 et
511 2338 673 2401 expectens,
686 2335 774 2401 juder
784 2339 880 2390 umen
891 2337 974 2388 tortis
985 2338 1015 2388 et
1026 2336 1196 2390 misericors.

92 2420 131 2473 lit
141 2421 188 2473 est
199 2419 319 2471 multum
337 2419 513 2472 mirandum!
532 2417 624 2484 Atque
644 2419 734 2471 audeo
746 2419 842 2472 dicere
853 2420 938 2483 quod,
956 2417 1024 2472 licet
1040 2418 1149 2472 nobiles
1166 2433 1283 2487 genere,

59 2502 115 2554 viri
139 2503 170 2554 et
194 2504 334 2562 mamone,
352 2500 405 2553 tilii
426 2503 456 2553 et
474 2500 533 2553 illie
552 2513 662 2562 eorum,
680 2501 787 2566 aliique
803 2502 960 2554 mediocres
976 2503 1006 2554 et
1024 2515 1115 2569 genus
1136 2515 1235 2556 eorum
1253 2501 1284 2556 in

59 2583 193 2636 omnibus
202 2582 322 2635 statibus
336 2583 405 2653 tunc
422 2583 559 2647 temporis
568 2582 696 2647 predicte
705 2583 741 2636 de
750 2584 824 2635 lacto
834 2585 1010 2646 exercerent,
1022 2596 1161 2649 pauperes
1172 2586 1202 2637 et
1211 2585 1282 2638 inte·

61 2667 154 2718 riores
165 2662 377 2717 similistacere
396 2663 530 2717 volebsnt
541 2666 570 2716 et
582 2665 754 2717 nitebantur.
773 2665 1153 2732 idicertumestquodetate
1166 2667 1284 2732 juvenes
1377 2714 1383 2725 .

59 2750 89 2801 et
109 2744 309 2800 adolescentes
325 2748 355 2799 et
381 2745 518 2799 mulieres
538 2746 666 2800 videntes
692 2748 831 2799 novitates
853 2747 985 2800 volebant
1012 2749 1108 2802 lacere
1126 2748 1230 2802 similia
1254 2751 1284 2802 in

59 2832 173 2883 tantm
184 2829 261 2895 quod
276 2828 359 2882 multi
371 2832 401 2882 et
417 2829 507 2882 multe
519 2843 605 2896 super
615 2843 737 2896 corpora
753 2844 805 2882 sua
820 2832 851 2883 in
867 2830 980 2897 publico
991 2831 1145 2896 portabant
1155 2833 1191 2886 de
1201 2832 1284 2885 vesti·

59 2912 165 2966 mentis
191 2912 223 2965 et
239 2911 379 2977 jocalibus
396 2912 460 2977 plus
484 2926 569 2978 quem
586 2912 695 2966 valeret
712 2915 802 2965 totum
822 2927 904 2965 suum
921 2912 1083 2977 residuum
1102 2916 1132 2966 et
1150 2915 1192 2967 sic
1214 2915 1285 2967 vitia

59 2993 250 3062 pullulabant,-
261 2993 527 3060 scilicetsuperbla,
549 2995 699 3062 cupiditas,
721 2995 953 3058 odium,invidia,
974 2994 1045 3062 gula
1065 2996 1095 3048 et
1111 2996 1234 3059 luxuria,
1254 2999 1285 3049 et

58 3081 158 3131 enters
173 3075 220 3129 bis
241 3075 355 3129 similia.
377 3077 577 3129 Predicstores
600 3079 705 3138 autem,
730 3077 840 3129 scilicet
862 3077 964 3143 prelati
984 3079 1014 3129 et
1038 3091 1160 3144 persone
1185 3082 1283 3133 suten-

59 3163 115 3214 tice
133 3162 165 3214 et
180 3158 311 3227 religiosi
329 3159 532 3221 mendicantes,
547 3158 601 3211 viri
621 3159 717 3225 periti,
734 3160 861 3212 videntes
878 3160 1013 3213 mundum
1032 3159 1232 3214 universaliter
1242 3161 1284 3215 ite

59 3244 137 3296 vitiis
147 3243 304 3304 irretitum,
317 3242 502 3308 predicabant
524 3243 554 3293 in
573 3242 754 3305 ecclesisis
772 3242 842 3294 locis
859 3244 894 3296 ed
911 3242 965 3295 hoc
982 3245 1065 3310 aptis,
1085 3244 1285 3298 adnuntiantes

60 3325 210 3393 sepissime
232 3324 350 3377 verbum
373 3323 509 3384 dimnum,
530 3324 649 3376 virtutes
669 3324 816 3376 laudentes
835 3326 865 3377 et
880 3326 953 3377 vicia
972 3327 1213 3391 contempnentes,
1234 3329 1283 3379 sed

60 3420 162 3474 psmm
181 3405 385 3473 proticiebent;
405 3405 473 3469 quis
489 3405 562 3458 sicut
581 3405 718 3470 scriptum
735 3407 797 3458 est:
825 3407 906 3471 cepit
929 3407 1049 3474 populus
1068 3408 1240 3462 munducare
1254 3412 1286 3463 et

61 3492 171 3553 bibere,
183 3492 214 3542 et
223 3488 410 3541 surrexerunt
420 3487 541 3551 ludere3
559 3489 589 3539 et
605 3486 695 3539 eciam
706 3488 798 3554 msgis
810 3491 929 3554 prosunt
939 3489 1070 3555 exempla
1086 3503 1171 3555 quam
1188 3492 1285 3545 verba.

61 3573 116 3628 cor
132 3573 232 3625 autem
247 3569 346 3637 populi
364 3584 420 3622 non
437 3572 500 3621 eret
514 3569 624 3622 rectum
642 3583 707 3621 cum
725 3570 799 3634 Deo;
828 3572 889 3635 ipse
905 3574 1001 3623 autem
1017 3575 1061 3626 est
1077 3573 1239 3626 miserimus
1255 3575 1286 3626 et

61 3655 187 3722 peccam
203 3653 260 3706 erit
276 3653 430 3720 propicius.
454 3652 492 3704 Et
517 3650 571 3703 hoc
599 3651 722 3704 ostendit
741 3652 770 3704 in
800 3667 874 3706 enno
895 3654 1031 3719 predicto,
1054 3655 1122 3720 quis
1143 3657 1198 3708 luit
1219 3670 1283 3709 mu·

61 3739 131 3791 tutio
156 3737 276 3790 dextere
303 3733 432 3798 Excelsi3
462 3733 595 3799 quoniam
615 3734 645 3786 in
665 3734 716 3786 illo
744 3749 829 3798 anno,
855 3736 1076 3790 iervescentibus
1104 3738 1135 3790 et
1159 3752 1285 3792 crescen-

60 3823 137 3874 tibus
157 3818 241 3872 viciis
262 3816 443 3883 supradictis,
472 3817 609 3892 Dominus
631 3816 761 3870 adhibuit
789 3818 916 3871 remedie
943 3821 1091 3885 oportuna.
1121 3820 1193 3873 Nem
1221 3824 1286 3886 post

61 3905 168 3956 mmam
185 3900 343 3968 predictam
364 3904 394 3952 et
410 3900 631 3953 destructionem
653 3900 820 3961 iudeorum,
849 3895 927 3954 ranis
952 3903 1043 3955 crevit
1070 3903 1105 3956 de
1132 3904 1285 3969 penitenti·

60 3986 122 4049 bus,
135 3984 173 4037 de
192 3983 297 4050 quibus
318 3983 435 4035 intendo
446 3984 543 4035 iacere
555 3983 737 4036 mentionem.
750 3983 784 4035 Iu
796 3983 924 4037 romaco
937 3998 994 4036 non
1005 3987 1068 4037 eret
1079 3998 1216 4049 murmur,
1229 3986 1284 4039 nisi

59 4067 94 4120 de
118 4066 357 4118 condemnatione
374 4065 532 4119 iudeorum
555 4067 585 4118 et
601 4065 637 4119 de
653 4067 710 4119 ritu
727 4066 924 4131 penitentium,
948 4067 996 4132 qui
1007 4066 1066 4132 jnm
1086 4068 1232 4134 inceperet
1254 4069 1284 4121 in

60 4147 411 4211 marceniensem
431 4148 610 4202 advertentes
627 4161 682 4213 que
700 4150 799 4214 postes
818 4149 1052 4213 acciderunt,nec
1063 4150 1139 4203 sede
1150 4151 1285 4216 predictis

59 4232 250 4299 corrigentes.
274 4230 307 4284 ln
325 4231 465 4298 principio
485 4234 580 4284 tamn
598 4230 719 4298 Augusti
735 4231 780 4284 vel
798 4232 888 4297 quasi.
909 4211 1046 4299 ceperunt
1067 4232 1097 4284 in
1116 4233 1284 4297 quibusdam

58 4313 223 4382 parrochiis
236 4313 325 4379 aliqui
342 4314 416 4366 mori
427 4314 456 4366 et
467 4313 581 4366 deviare
590 4314 756 4379 (decedere).

171 4403 275 4459 Frena
289 4405 428 4473 apparitio
445 4401 593 4456 hominum
604 4407 794 4472 penitenciam
808 4405 975 4472 sadencissm
997 4408 1029 4457 tn
1050 4405 1184 4459 Torneco.

88 4487 208 4542 Accidit
217 4489 438 4554 annopmdicte‚
452 4487 527 4552 quod
544 4489 575 4540 ln
591 4487 638 4542 die
646 4489 845 4552 assumptionis
855 4489 982 4555 Virginis
993 4489 1127 4556 gloriose.
1146 4492 1285 4543 venerunt
1381 4540 1384 4546 .

53 4585 74 4625 a
84 4570 159 4625 villa
171 4569 313 4637 Brugeusi
329 4571 445 4624 circiter
456 4570 499 4623 GC
515 4569 654 4633 homines,
674 4571 754 4637 quusi
777 4569 849 4624 bora
855 4570 980 4638 prandii.
995 4570 1054 4639 Ipsi
1070 4573 1166 4626 autem
1177 4572 1282 4626 muna·
