3188 5340
188 492 223 543 oo
351 477 353 480 ’
705 486 808 539 luno
826 484 891 536 ioan

189 653 334 707 observari
343 665 453 706 necnon
465 653 558 718 ipsum
569 663 634 702 cum
646 651 707 701 toto
724 664 775 701 suc
787 652 886 702 tenore
903 649 1060 714 laudamus,
1078 653 1263 720 ratificamus,
1276 659 1437 723 approba-

188 749 251 788 mus
263 738 292 789 ot
303 735 472 788 auctoritate
490 735 587 785 nostra
606 734 690 799 regia
707 745 875 785 renovamus
892 744 925 785 ac
942 733 1029 786 etiam
1046 736 1146 788 tenore
1163 739 1359 802 praesentium
1378 753 1431 792 ex

188 821 267 872 certa
275 818 395 872 scientia
404 817 603 869 confirmanus.

222 903 303 963 Quod
314 903 346 953 ut
362 902 516 967 perpetuae
529 897 692 950 stabilitatis
710 899 798 949 robur
817 898 953 961 obtineat,
967 901 1164 964 praesentibus
1174 900 1269 955 literis
1285 906 1430 957 noenum

98 973 103 985 '
187 984 307 1036 lecimus
326 981 430 1047 apponi
447 979 583 1048 sigillum.
631 983 632 986 ’

220 1067 323 1118 Actum
338 1065 412 1130 apud
423 1064 555 1116 Sanctum
567 1064 739 1116 Germanum
751 1064 780 1114 in
793 1062 880 1128 Laya,
893 1077 967 1115 anuo
979 1062 1094 1116 Domini
1110 1065 1263 1120 millesimo
1274 1070 1422 1123 uecente·

188 1149 260 1200 simo
271 1148 406 1200 vicesimo
418 1160 502 1208 nono,
520 1160 616 1199 mense
626 1146 789 1197 Novembri.

221 1231 278 1282 Per
289 1230 435 1282 dominum
442 1242 542 1296 regem
551 1229 586 1280 ad
599 1227 769 1280 relationem
786 1228 966 1281 dominorum
982 1230 1126 1295 Aymerici
1138 1232 1287 1286 (iuonaudi
1295 1236 1326 1287 et
1336 1235 1417 1288 Guil-

188 1312 268 1365 lelmi
281 1310 440 1366 Bertraudi.
452 1311 498 1364 Ja.
511 1311 547 1363 de
559 1310 694 1377 Boulayo.
1164 1310 1166 1314 ’

452 1441 652 1497 crdonnances
660 1440 709 1494 dos
720 1442 790 1495 Rois
800 1440 836 1494 dc
845 1442 964 1504 Franco,
975 1444 1037 1496 decl
1047 1444 1087 1507 11,
1097 1445 1151 1497 blu.
1160 1446 1202 1510 41,
1210 1448 1252 1499 42.
1262 1476 1295 1486 —
1307 1449 1352 1503 De
1360 1454 1422 1502 vet

483 1540 537 1578 van
550 1525 696 1589 Locewijk
713 1525 765 1586 lx,
782 1539 897 1591 waarop
918 1525 983 1577 hier
1000 1528 1180 1594 gezinspeeld
1196 1530 1298 1594 vomi,
1319 1532 1346 1583 is
1357 1533 1422 1586 niet.

481 1610 529 1661 die
551 1622 605 1660 van
628 1607 710 1673 April
737 1607 810 1669 1228,
833 1609 881 1660 dic
897 1607 939 1660 ale
959 1608 1040 1675 voigi
1060 1610 1171 1677 begon:
1190 1633 1203 1656 a
1217 1613 1372 1679 Cupientes
1386 1616 1417 1666 in

483 1692 583 1757 primis
595 1691 679 1743 etatis
690 1693 720 1742 et
736 1691 820 1757 regni
837 1692 927 1742 nostri
944 1693 1108 1757 primordiis
1120 1694 1168 1746 llli
1186 1697 1305 1760 servire,
1323 1710 1343 1749 a
1359 1711 1415 1763 quo

482 1789 604 1842 reguum
615 1776 845 1842 recognoscimus
857 1779 886 1828 et
902 1778 931 1828 id
949 1778 1024 1842 quod
1042 1790 1139 1828 sumus
1152 1800 1176 1828 n.
1195 1779 1271 1830 Dece
1288 1780 1348 1832 wet
1358 1793 1416 1832 was

483 1859 634 1923 overigens
662 1857 767 1910 slechts
784 1860 870 1925 tegeu
898 1860 933 1911 de
961 1860 1071 1912 letters
1100 1874 1155 1911 van
1180 1860 1415 1927 tuit-Frankrtjk

480 1940 603 2007 gericht,
621 1941 724 2005 terwljl
741 1942 776 1992 de
789 1944 844 1993 wet
865 1940 1010 2008 &ptores
1026 1944 1057 1993 in
1077 1941 1203 2010 favorem
1214 1934 1328 1996 &cinae
1338 1943 1415 2011 fidei,

481 2037 552 2084 eun,
577 2022 718 2087 blijkbaar
737 2038 790 2075 van
814 2023 980 2090 algemeene
1001 2026 1166 2091 toepassing
1188 2030 1265 2076 moet
1288 2030 1422 2093 geweest

481 2107 546 2171 zljn,
563 2107 633 2157 daar
641 2106 676 2157 de
685 2105 883 2173 hornieuwing
892 2108 921 2159 in
932 2107 995 2159 1329
1006 2122 1076 2158 voor
1086 2107 1136 2159 hot
1147 2107 1273 2174 gansche
1293 2109 1415 2160 koniuk·

485 2187 541 2252 rijls
565 2186 722 2254 geschiedt.
744 2188 875 2254 Nergens
894 2189 968 2240 vond
985 2189 1016 2240 ik
1034 2189 1089 2240 den
1109 2189 1186 2240 tekst
1204 2189 1268 2241 dior
1285 2193 1343 2243 wet
1361 2206 1413 2244 van

482 2270 627 2335 Lodewijk
639 2270 690 2322 x1.
704 2271 752 2323 Zie
764 2270 918 2323 hierboven
930 2281 960 2322 ur
976 2271 1010 2322 20
1026 2270 1123 2337 (731212),
1142 2271 1194 2324 blz.
1212 2270 1254 2323 38.

694 2471 744 2537 eo
770 2463 920 2556 (187101).

231 2667 324 2739 1329,
349 2661 552 2741 November,
578 2661 971 2748 Si·Germoin·en·Lcye
993 2661 1041 2749 bij
1064 2664 1194 2749 Porijs.
1223 2662 1320 2732 lidict
1351 2685 1411 2730 vau
1456 2716 1459 2721 .

186 2766 249 2835 den
265 2767 457 2833 Franschon
473 2763 598 2851 kcuing
610 2765 735 2851 Philipo
752 2765 799 2832 v1
817 2785 876 2832 van
901 2764 1026 2845 Volcis,
1045 2765 1179 2853 waarbij
1205 2765 1250 2854 hij
1268 2787 1333 2834 aar
1349 2767 1412 2834 alle

186 2869 399 2956 rochtorlijko
415 2867 630 2935 ambtonaren
648 2888 712 2935 van
728 2868 793 2956 zijn
806 2867 869 2955 rijk
882 2869 940 2935 hot
952 2869 1091 2936 nalovon
1111 2869 1221 2955 oplogt
1237 2889 1303 2937 van
1319 2889 1410 2937 vroe-

185 2995 264 3062 gere
287 2971 494 3059 koniuklijke
509 2972 637 3039 odicton
662 2991 740 3037 over
762 2971 802 3037 do
829 2972 997 3058 Inquisitio
1025 2992 1066 3038 on
1091 2972 1131 3039 do
1154 2971 1334 3060 uitrooiing
1355 2973 1412 3041 der

185 3077 326 3146 letters.
348 3114 387 3125 -
404 3077 450 3143 De
466 3075 664 3162 prodikhoer
681 3075 828 3142 Hendrik
844 3075 884 3141 do
899 3074 1059 3164 Chamay.
1078 3074 1274 3162 inquisiteur
1289 3080 1325 3143 te
1335 3076 1413 3145 car·

185 3200 346 3246 casscnne
363 3177 688 3267 verblijihoudeude‚
708 3177 797 3245 heeft
820 3178 883 3244 don
907 3177 1033 3263 koning
1057 3197 1137 3243 eono
1153 3177 1251 3244 rocks
1267 3175 1412 3263 bepuliu·

185 3304 261 3370 gon,
277 3284 324 3350 uit
340 3282 391 3349 dio
404 3281 532 3349 edicton
544 3280 741 3369 gotrokkon,
757 3280 955 3368 schriftolijk
973 3279 1208 3367 ovorhandigd.
1224 3281 1272 3347 De
1287 3279 1412 3367 koning

185 3393 295 3453 noemi
310 3386 362 3452 dio
379 3385 572 3452 uittroksels
589 3386 623 3451 in
639 3384 704 3473 ziju
717 3383 802 3451 odict
817 3405 858 3472 cp
877 3404 885 3451 :
915 3387 947 3452 1⁰
972 3383 1095 3451 Huizen
1110 3404 1152 3450 on
1167 3380 1291 3451 audere
1307 3384 1412 3470 pluat·

184 3510 243 3556 sou
256 3489 336 3556 door
347 3488 480 3576 kottorij
499 3487 672 3555 bezoedeld
688 3496 816 3555 mooten
841 3486 1028 3574 seruietigd
1044 3507 1085 3553 on
1102 3486 1193 3554 nocit
1205 3506 1299 3555 wear
1313 3507 1411 3574 opge·

184 3592 304 3662 bouwd
338 3591 472 3658 werdon
491 3612 500 3672 ;
543 3592 578 3658 2·
609 3593 719 3658 Zonen
752 3612 792 3658 en
827 3590 1115 3677 aiotammolingon
1139 3610 1203 3657 van
1227 3589 1358 3658 ketters
1380 3588 1416 3657 oi

183 3696 381 3763 vordachteu
407 3695 543 3762 kunnon
571 3713 654 3780 geon
685 3692 850 3779 openbaar
881 3694 970 3762 ambt
1001 3693 1184 3760 belioedon
1215 3713 1257 3760 cn
1283 3699 1412 3761 moetou

182 3799 311 3886 algeret
324 3799 475 3879 wordum
491 3799 527 3863 3⁰
540 3800 604 3866 Het
617 3797 808 3866 ondorhoud
822 3818 887 3864 van
900 3797 941 3864 do
953 3799 1156 3884 gorangonio
1170 3796 1230 3863 dor
1241 3795 1412 3884 Inquisitio

182 3907 216 3970 te
231 3903 457 3971 carcassonne
469 3903 519 3970 zal
532 3923 572 3988 op
590 3903 708 3969 kosten
726 3901 784 3968 dor
801 3901 1008 3991 toninklijko
1033 3899 1198 3968 schatkist
1214 3899 1413 3986 geschiodeu

184 4007 328 4073 aismode
344 4009 413 4074 met
426 4026 487 4072 eon
504 4005 576 4072 decl
591 4026 656 4072 vau
681 4003 721 4071 de
744 4004 925 4092 opbrongst
940 4004 999 4072 der
1014 4003 1149 4083 bootem
1176 4003 1213 4070 4⁰
1228 4003 1412 4091 Hertogon,

183 4130 309 4197 gravon
325 4130 366 4176 on
382 4109 447 4177 allo
472 4109 596 4176 andero
622 4108 834 4196 rechterlijko
848 4106 1062 4174 ambtonaren
1080 4112 1212 4175 mooton
1229 4107 1293 4176 den
1309 4109 1416 4197 inqui·

183 4212 305 4279 sitours
328 4211 364 4278 oi
383 4211 519 4279 hunnon
544 4211 820 4298 aigovaardigdon
850 4210 1090 4298 gohocrzamen
1121 4213 1154 4279 in
1181 4211 1240 4279 het
1265 4231 1413 4301 vangen.

182 4313 342 4383 bewaken
359 4336 399 4381 on
412 4315 575 4381 kerkeron
594 4334 658 4380 van
670 4314 797 4383 kotters
809 4314 846 4382 oi
858 4313 1072 4392 verdachton,
1092 4314 1123 4381 iu
1137 4313 1196 4381 hot
1211 4318 1268 4381 tou
1284 4315 1418 4386 uitiosi

181 4418 328 4507 brongon
345 4439 408 4486 van
425 4418 465 4485 do
480 4418 658 4486 sonnisson
681 4417 739 4486 dor
763 4418 990 4505 inquisitours,
1019 4438 1061 4486 on
1085 4418 1117 4486 in
1140 4417 1231 4486 allon
1248 4419 1416 4490 vei-deren

181 4522 336 4613 bijstand,
361 4524 451 4592 iedor
475 4524 596 4594 binnon
610 4525 666 4623 'do
690 4525 787 4615 palen
818 4547 882 4595 vau
910 4526 978 4618 siju
1005 4524 1266 4616 rechisgobiod;
1304 4527 1342 4598 5·
1371 4529 1419 4600 uo
