3188 5340
196 478 246 534 234
712 468 818 526 ANNO
835 468 900 523 talu

229 643 325 696 ecum
352 640 424 695 alias
448 637 703 694 reuerendissimus
723 637 805 702 pater
821 636 951 690 dominus
967 635 1132 703 patriarcba
1160 636 1422 707 Constantmopoli·

196 730 279 780 tanus
299 727 329 779 in
349 723 467 778 consilio
485 720 693 775 Constantiensi
713 720 840 773 eiusdem
859 719 970 786 concillj
989 722 1168 787 auctoritate,
1185 736 1325 789 processu
1346 738 1420 777 ccm-

194 811 339 865 municato
351 807 494 875 iudicibus
510 803 686 873 generaliter
704 816 790 869 super
807 803 863 855 tide
886 803 1029 868 deputatis
1051 804 1081 856 et
1102 804 1138 857 dc
1154 817 1257 858 eorum
1279 819 1420 861 consensu

194 907 245 948 ssu
272 891 391 957 majoris
423 889 513 957 partis
540 901 650 949 eorum,
679 886 782 952 viginti
812 889 875 938 octo
910 885 1055 949 articulos,
1081 899 1152 951 quos
1180 887 1300 953 quidam
1327 889 1419 943 mater

195 975 331 1030 Nicolaus
343 971 629 1038 Semurarij,ordinis
646 968 851 1022 heremitarum
863 968 939 1021 beati
956 969 1109 1037 Augustini
1127 971 1158 1022 in
1175 970 1296 1023 ciuitate
1312 970 1420 1024 Torna-

192 1058 282 1119 censi,
295 1070 328 1110 ac
340 1056 468 1110 eiusdem
487 1056 544 1119 (sic)
561 1052 736 1105 ‘fornacensi
748 1064 782 1104 ac
802 1051 999 1103 cameracensi
1020 1050 1178 1104 diocesibus
1190 1048 1271 1104 et'iu
1288 1051 1418 1118 pluribus

193 1140 257 1206 allis
268 1138 340 1192 locis
351 1136 559 1190 circumvicinis
571 1136 601 1187 in
613 1134 709 1185 odium
729 1132 799 1185 cleri
822 1130 959 1198 populum
982 1131 1196 1194 commouendo,
1214 1131 1355 1185 aduersus
1366 1133 1418 1187 cle·

192 1237 258 1276 rum
284 1219 445 1288 predicauit
465 1221 495 1272 et
517 1218 727 1285 dogmatizavit,
750 1230 803 1282 per
825 1217 997 1269 seutentiam
1014 1215 1196 1268 diffinitiuam
1215 1216 1372 1281 judicasset
1390 1221 1417 1272 et

191 1304 436 1369 condempnasset,
456 1300 600 1366 reperitur
622 1302 722 1367 expost
738 1301 902 1364 presentata
918 1313 972 1352 vna
992 1299 1153 1351 commissio
1173 1299 1413 1354 reuerendissimo

192 1390 222 1443 in
234 1387 346 1441 cbristo
358 1386 434 1451 patri
444 1384 558 1436 domino
568 1380 713 1436 ¹cardinali
725 1383 890 1445 Veronensi,
909 1385 939 1435 et
955 1384 1020 1448 post
1034 1382 1095 1434 eius
1107 1374 1257 1435 decessum
1267 1397 1321 1448 per
1331 1398 1413 1451 gene·

193 1470 284 1523 nalem
307 1468 534 1521 commissionem
554 1465 667 1518 domino
687 1465 872 1517 venetiarum
899 1465 1016 1530 juniori,
1040 1466 1070 1516 et
1096 1464 1226 1518 ultimate
1250 1479 1304 1531 per
1332 1467 1414 1520 aliam

193 1551 359 1622 generalem
370 1549 596 1604 commissionem
609 1548 723 1601 domino
741 1548 961 1614 Aoquilcgiensi.
976 1548 1060 1599 Cuim
1077 1547 1160 1600 tenor
1176 1548 1307 1612 sequitur
1317 1549 1348 1600 in
1364 1549 1413 1602 bec

193 1635 300 1688 verba:
315 1654 326 1682 ι
341 1633 508 1698 Beatissime
520 1632 610 1696 pater.
630 1631 699 1683 Cum
717 1632 752 1683 de
764 1645 838 1682 anuo
850 1630 1000 1682 millesimo
1013 1630 1295 1695 quadringentesimo
1307 1631 1411 1684 decimo

193 1718 305 1778 octauo,
324 1716 370 1769 die
382 1716 549 1768 duodecima
560 1715 665 1766 mensis
682 1713 799 1778 Aprilis,
817 1714 894 1764 etsie
905 1710 1032 1779 duncepe
1048 1708 1083 1763 ds
1099 1709 1180 1764 cerac
1197 1709 1236 1762 cd
1251 1711 1369 1766 cabum
1383 1720 1411 1765 ut

191 1797 330 1869 runcari
348 1796 416 1851 baec
441 1812 529 1867 usque
548 1794 650 1848 cerba:
671 1809 733 1847 curn
755 1810 811 1846 non
832 1795 1008 1846 obstantibus
1027 1797 1057 1846 et
1076 1793 1211 1847 clausulis
1231 1797 1409 1860 oportunis..

190 1883 249 1947 (zie
261 1882 426 1944 hierboven,
439 1880 491 1932 bla.
504 1878 635 1944 eatam.)
653 1877 700 1931 Sic
717 1878 845 1944 signata:
866 1897 879 1920 u
892 1878 934 1929 De
952 1878 1084 1929 mandato
1105 1877 1213 1929 domini
1233 1879 1325 1929 nostri
1344 1891 1410 1944 pape

191 1965 289 2018 audiat
300 1965 376 2017 idem
388 1962 642 2015 reuerendissimus
654 1961 736 2025 pater
747 1960 877 2012 domiuus
889 1959 1050 2021 cardinalis,
1063 1959 1177 2026 redigat
1188 1961 1219 2012 in
1230 1962 1337 2013 statum
1348 1964 1408 2025 etc,

191 2049 328 2114 procedat
339 2049 371 2100 ut
381 2048 497 2113 petitur.
512 2065 525 2092 s

225 2151 239 2174 ι
252 2130 421 2183 Beatissimo
432 2129 522 2195 pater.
534 2128 614 2180 licet
625 2128 654 2179 in
667 2128 723 2180 vim
741 2128 822 2181 istius
840 2128 1046 2180 commissionis
1063 2128 1102 2180 sit
1117 2128 1153 2180 ad
1171 2127 1325 2181 nonnullos
1336 2127 1407 2180 seba

191 2212 334 2264 incudem
354 2224 448 2272 causa,
469 2210 549 2261 cuius
561 2210 666 2262 statum
686 2209 823 2262 habentes
835 2223 887 2275 pro
904 2223 1049 2275 expresso,
1071 2223 1167 2262 coram
1180 2210 1283 2262 eodem
1303 2209 1407 2261 domino

192 2294 330 2348 cardinali
339 2307 513 2360 processum,
530 2295 625 2346 tamen
634 2294 756 2346 vertitur
767 2293 797 2344 in
809 2293 936 2353 dubium,
948 2305 1044 2344 coram
1056 2291 1132 2343 dicto
1144 2292 1261 2344 domino
1273 2290 1409 2344 cardinale

191 2376 397 2443 Aquilegiensi,
408 2390 463 2440 que
480 2378 510 2428 et
521 2376 614 2441 qualis
625 2375 785 2441 iurisdictio
804 2376 841 2426 sit
852 2374 946 2427 eidem
957 2374 1071 2427 domino
1083 2374 1223 2428 cardinali
1234 2375 1266 2427 in
1274 2374 1332 2426 vim
1342 2364 1408 2426 dicte

190 2458 398 2511 commissionis
417 2473 561 2522 concessa,
574 2460 604 2511 et
623 2459 716 2509 vtrnm
728 2457 766 2508 sit
782 2457 949 2509 intentionis
961 2460 1055 2510 vestre
1071 2457 1241 2519 sanctitatis,
1253 2458 1329 2522 quod
1340 2457 1406 2509 idem

188 2544 280 2597 irater
302 2544 438 2597 Nicolaus
459 2558 546 2609 super
572 2545 680 2597 eisdem
703 2542 831 2594 articulis
854 2543 959 2594 dudum
982 2543 1111 2606 tempore
1137 2538 1196 2590 late
1221 2537 1361 2591 sententie
1379 2537 1405 2588 in

189 2626 310 2679 concilio
322 2627 532 2680 constantiensi
551 2640 603 2691 per
623 2640 688 2679 eum
708 2625 850 2677 reuocatis
870 2625 905 2676 de
926 2639 999 2676 nouo
1020 2623 1123 2675 debeat
1142 2620 1237 2674 audiri
1249 2618 1404 2685 etquesiut

188 2710 285 2775 partus
302 2709 371 2762 dicti
391 2710 499 2761 domini
516 2709 668 2762 cardinalis
680 2709 853 2773 procedendi
870 2707 965 2760 iubae
981 2706 1212 2769 causa,ma1ime
1229 2718 1267 2758 ex
1284 2718 1318 2758 eo
1334 2704 1401 2769 quic,

189 2791 213 2842 si
232 2790 309 2843 idem
328 2793 420 2844 irater
439 2791 573 2845 Nicolaus
593 2791 794 2843 admitteretur
813 2791 848 2842 ad
869 2790 1077 2843 defendendum
1097 2788 1249 2840 materiam
1272 2787 1401 2840 dictorum

188 2873 374 2927 articulorum
394 2888 445 2939 per
464 2887 530 2926 eum
549 2875 579 2925 vt
599 2874 743 2938 prelertur
762 2874 971 2935 reuocatorum,
984 2872 1111 2924 obstaret
1130 2871 1195 2933 sibi,
1216 2872 1247 2923 et
1258 2871 1402 2937 deiureae
1431 2882 1432 2886 ¹

188 2956 402 3009 racionabiliter
413 2956 526 3009 obstare
539 2955 624 3009 debet
643 2956 835 3021 jurameutum
852 2968 905 3020 per
915 2968 980 3007 eum
991 2955 1153 3021 prestitum,
1164 2966 1219 3020 per
1235 2953 1311 3017 quod
1322 2952 1403 3004 dictos

190 3038 326 3092 mficulos
336 3039 484 3092 reuocauit
495 3040 525 3091 et
542 3039 656 3092 eoadem
668 3053 724 3091 nou
736 3038 810 3090 velle
822 3038 943 3104 amplius
954 3037 1102 3104 predicare
1115 3050 1208 3100 neque
1220 3036 1402 3104 dogmabaare

88 3149 89 3152 =
187 3121 327 3187 promisit.
340 3121 474 3174 Obstaret
495 3122 583 3174 etiam
605 3122 837 3188 procuratoribus
857 3122 989 3173 ordinum
1009 3120 1242 3181 mendicantium,
1255 3121 1292 3172 de
1310 3119 1401 3184 quibus

187 3203 218 3255 in
230 3203 306 3255 dicta
316 3203 514 3256 commissione
528 3205 561 3255 tit
578 3205 695 3267 mentio,
708 3205 783 3268 quod
795 3204 936 3256 mandatis
947 3204 1049 3257 saltem
1060 3201 1269 3256 sufficientibus
1280 3202 1315 3254 ad
1326 3213 1400 3267 agen

187 3285 254 3338 dum
266 3287 296 3339 et
306 3286 515 3339 detendendum
526 3287 556 3338 in
568 3286 621 3339 hac
641 3300 726 3339 causa
738 3301 794 3338 non
806 3289 871 3338 sunt
881 3287 975 3339 fulciti
986 3285 1032 3340 vel
1054 3286 1156 3339 saltem
1176 3283 1322 3349 hucusque
1341 3281 1401 3336 talia

186 3368 320 3421 mandata
342 3382 399 3420 non
421 3370 625 3433 produxerunt.
651 3370 784 3422 Obstaret
805 3371 892 3421 etiam
909 3371 984 3434 quod
1007 3369 1124 3430 indicta
1135 3368 1334 3420 commissione
1350 3378 1399 3416 uon

184 3451 349 3515 repperitur
367 3453 447 3503 actor
467 3465 519 3503 nec
537 3465 604 3504 reus
625 3465 678 3504 nec
700 3466 746 3504 res
769 3453 927 3519 designata,
950 3466 1037 3517 super
1053 3465 1109 3517 qua
1129 3451 1179 3518 agi
1201 3453 1232 3503 et
1250 3446 1398 3516 jurisdictio

184 3531 274 3599 ipsius
287 3533 392 3598 domini
406 3533 558 3586 cardinalis
567 3535 680 3586 lundari
689 3535 787 3600 possit.

219 3614 378 3682 sNeergo,
399 3616 561 3668 beatissime
581 3619 672 3683 pater,
692 3617 851 3681 jurisdictio
876 3617 945 3669 dicti
968 3609 1075 3669 domini
1098 3614 1254 3669 cardinalis
1270 3612 1398 3669 derisoris

185 3696 336 3748 censeatur
354 3696 384 3746 et
394 3696 609 3748 fundamentum
629 3695 742 3758 babeat,
763 3697 983 3761 scandalumque
1003 3697 1078 3762 quod
1095 3693 1398 3749 exhooverisimiliter

183 3778 280 3843 posset
291 3778 408 3830 euenire
417 3778 628 3840 submoueatur,
639 3779 773 3844 dignetur
786 3780 921 3831 sanctitas
932 3781 1027 3831 vestra
1038 3779 1131 3831 eidem
1142 3779 1259 3830 domino
1271 3773 1397 3832 cardinali

183 3872 220 3912 ex
236 3861 316 3912 certa
327 3860 446 3912 scientia
462 3861 640 3912 committere
657 3863 687 3913 et
698 3861 843 3924 mandare,
862 3864 901 3925 st,
914 3863 938 3913 si
950 3863 1004 3913 sibi
1017 3861 1133 3913 exactis
1150 3874 1237 3914 cause
1248 3859 1398 3914 constiterit

183 3941 288 3995 dictam
299 3943 468 3996 sententiam
480 3944 586 4009 dominj
600 3945 763 4010 patriarche
774 3946 804 3997 in
815 3960 878 3999 rem
889 3946 1055 3998 transiuisse
1066 3944 1232 4010 judicatam,
1245 3945 1397 4009 dictumque

181 4025 302 4077 tratrem
324 4024 482 4088 Nicolaum,
501 4027 537 4079 de
549 4027 667 4078 consilio
685 4030 826 4092 quondam
839 4029 983 4095 generalis
1000 4028 1127 4081 eiusdem
1144 4028 1266 4090 ordinis,
1283 4029 1398 4096 prensos

182 4107 318 4159 articulos
337 4108 450 4173 publice
471 4123 620 4162 reuocasse
650 4112 679 4162 et
702 4111 816 4164 eosdem
839 4111 961 4177 amplius
984 4125 1040 4164 non
1062 4109 1137 4164 velle
1163 4111 1356 4178 dogmatizare
1374 4112 1400 4162 et

182 4190 331 4253 predicare
352 4191 526 4255 promisisse,
547 4196 803 4258 procuratoresque
823 4195 955 4247 ordinum
977 4194 1202 4247 mendicantium
1220 4196 1355 4249 mandata
1370 4193 1401 4246 ad

182 4269 256 4322 hauc
267 4285 380 4324 causam
399 4273 534 4325 facientia
546 4289 602 4325 non
614 4277 790 4340 produxisse,
803 4277 847 4329 vel
861 4278 947 4330 etiam
958 4277 1051 4343 quoad
1072 4291 1121 4330 eos
1137 4279 1169 4330 in
1180 4291 1245 4331 rem
1255 4279 1403 4345 judicamur

181 4353 358 4418 transiuisse,
370 4369 422 4420 per
442 4358 546 4409 dictam
564 4359 734 4410 sententiam
750 4359 831 4423 juxta
848 4360 910 4412 eius
920 4362 1043 4413 formam
1054 4362 1086 4413 et
1095 4363 1238 4426 tenorem,
1250 4361 1299 4416 vel
1310 4361 1404 4416 saltem

182 4434 212 4485 in
224 4448 258 4487 ea
269 4438 350 4502 parte
370 4437 400 4488 in
412 4453 468 4503 qua
480 4441 642 4504 repperitur
653 4441 708 4493 ritc
728 4441 796 4505 lata,
817 4443 987 4496 auctoritate
1004 4443 1171 4510 apostolica,
1184 4457 1221 4496 ex
1234 4445 1342 4510 officio,
1353 4443 1404 4498 alio

182 4518 281 4572 ordine
291 4519 442 4586 iudiciario
454 4523 648 4589 pretermisso,
660 4525 696 4577 de
713 4525 831 4580 consilio
843 4527 992 4580 doctorum
1008 4527 1066 4580 tam
1077 4526 1108 4580 in
1120 4525 1274 4598 theologia
1285 4543 1371 4599 qnam
1378 4528 1406 4584 in
