3188 5340
334 491 369 545 76
855 481 960 535 ANNO
978 477 1042 537 1318

333 660 365 711 16
375 656 476 723 parata
486 653 609 720 pecunia
618 649 664 702 vel
677 662 730 716 por
741 648 895 715 pignorum
905 647 1067 698 cautionem
1079 660 1166 711 seque
1177 647 1314 714 proximis
1321 650 1556 705 reconciliabunt.

334 739 489 801 Quoiactc,
501 739 566 803 post
577 736 661 786 unius
675 734 743 785 anni
755 733 887 798 spatium,
901 732 924 782 si
941 732 1112 784 videbuntur
1133 733 1244 799 ydonei,
1262 734 1352 800 recipi
1369 738 1490 801 possunt
1506 735 1557 788 hoc

327 822 425 883 modo,
447 820 521 884 quod
533 817 709 884 promittant,
727 828 757 867 se
774 815 871 866 divina
882 815 1017 879 precepta
1028 815 1123 866 omnia
1133 817 1304 880 servaturos,
1317 830 1351 869 ac
1362 818 1555 870 satisfactam

331 905 366 956 16
378 901 661 969 transgressionibus,
680 912 749 963 quas
770 897 975 948 commiserunt
991 899 1091 949 contra
1112 896 1188 950 hunc
1207 899 1319 952 vivendi
1342 901 1480 964 modum余
1503 911 1555 964 qne

331 987 445 1051 quidem
453 984 602 1050 promissio
615 982 671 1034 erit
683 981 712 1032 in
724 980 837 1044 scriptis
849 992 901 1044 per
912 992 1027 1031 manum
1036 979 1180 1045 publicam
1191 982 1368 1049 redigenda余
1388 980 1448 1036 6116
1459 983 1551 1035 autem

331 1070 414 1121 modo
437 1067 533 1121 nullus
552 1066 710 1131 recipietur
733 1076 751 1115 a
773 1063 923 1126 ministris,
944 1062 1010 1125 nisi,
1033 1064 1195 1117 conditione
1217 1067 1247 1117 61
1273 1066 1416 1119 instancia
1437 1075 1552 1130 persone

329 1151 483 1218 diligenter
493 1148 636 1209 discussis,
649 1148 691 1198 eis
704 1145 789 1198 aliter
804 1145 953 1210 videatur3
972 1146 1068 1210 sicque
1089 1147 1165 1198 dicto
1186 1147 1269 1199 modo
1286 1149 1395 1214 recepti
1417 1147 1455 1200 ad
1477 1159 1552 1198 snam

330 1248 387 1286 non
399 1234 541 1293 redibunt,
563 1231 612 1282 sed
629 1229 753 1281 transire
771 1229 906 1293 poterunt
926 1229 961 1280 ad
979 1226 1153 1295 religionem
1173 1229 1259 1281 aliam
1276 1231 1471 1296 approbatam.
1484 1230 1552 1284 Item

330 1315 466 1368 mulieres
485 1313 618 1366 maritate
641 1326 698 1363 non
717 1312 835 1376 possunt
852 1310 929 1362 hunc
949 1311 1078 1364 ordinem
1106 1311 1230 1380 ingredi,
1257 1313 1313 1364 nisi
1334 1313 1370 1366 de
1389 1314 1552 1366 maritorum

329 1397 767 1452 suorumlicentiaetconsensn.

361 1482 484 1534 Habitus
496 1481 591 1533 autem
612 1478 678 1530 talis
690 1477 757 1542 erit,
775 1475 917 1538 videlicet,
930 1478 1005 1542 quod
1028 1490 1141 1529 sorores
1157 1479 1312 1532 induentur
1328 1478 1462 1544 clamide,
1473 1491 1551 1545 quam

328 1564 518 1630 intelligimus
526 1563 608 1628 iuxta
620 1561 735 1612 modum
744 1560 884 1622 clamidis,
903 1574 959 1624 qua
971 1559 1096 1612 Minores
1105 1562 1208 1614 tratres
1219 1562 1343 1628 desuper
1354 1563 1397 1614 uti
1409 1560 1512 1626 solent,
1520 1562 1551 1614 de

329 1644 431 1696 humili
443 1657 536 1710 panno
540 1680 589 1695 .....
604 1640 736 1694 61661616
748 1655 803 1692 666
812 1654 929 1705 prorsus
939 1641 1003 1692 albo
1015 1641 1060 1693 vel
1071 1642 1164 1708 nigro,
1178 1658 1242 1695 cum
1254 1643 1407 1709 pellicione
1420 1648 1451 1698 et
1462 1645 1552 1697 tunica

329 1727 364 1778 de
381 1727 481 1779 eadem
499 1726 545 1778 vel
558 1725 659 1777 saltem
671 1738 736 1776 cum
745 1724 865 1776 clamide
878 1724 1044 1777 Swerneleti
1063 1739 1114 1776 seu
1132 1726 1331 1779 Placentinum
1343 1725 1402 1779 albi
1417 1726 1464 1779 vel
1481 1726 1552 1793 nigri

327 1809 441 1870 coloris,
455 1811 504 1860 aut
515 1807 702 1873 palludellum
715 1806 841 1871 amplum
858 1807 893 1858 de
905 1820 1013 1872 canopo
1027 1808 1086 1859 sive
1097 1806 1186 1867 linno,
1206 1810 1491 1875 absquecrispatura
1500 1808 1555 1863 ulla

327 1893 534 1944 consumtuosa.
555 1891 700 1956 ligaturis
713 1891 814 1942 sericis
828 1904 884 1941 non
897 1891 1024 1951 utentur,
1045 1889 1135 1955 palles
1154 1892 1293 1943 duntaxat
1309 1892 1442 1957 agninas,
1460 1893 1553 1943 bursas

327 1977 357 2028 61
368 1974 551 2039 corrigiasde
563 1974 657 2024 corrio
670 1974 776 2037 absque
788 1974 881 2024 serico
894 1974 924 2023 et
942 1987 998 2023 non
1012 1972 1082 2025 alias
1100 1974 1300 2039 deportabunt,
1314 1975 1431 2026 vitando
1443 1976 1555 2027 cunctas

328 2057 417 2110 seculi
428 2057 576 2108 vanitates.
599 2057 642 2107 Ab
655 2069 706 2107 esu
718 2056 846 2107 carnium
857 2056 990 2114 secunda,
1002 2058 1104 2119 quarta
1115 2059 1145 2108 61
1153 2057 1316 2109 sextaieria
1326 2059 1412 2121 atque
1430 2058 1554 2109 sabbatto

328 2139 519 2200 abstinebunt,
532 2139 673 2199 universe,
685 2139 740 2189 nisi
750 2138 925 2190 infirmitatis
933 2137 979 2189 vel
988 2137 1145 2190 debilitatis
1154 2139 1290 2191 instantia
1301 2138 1379 2190 aliud
1391 2139 1512 2192 suadeat
1518 2154 1553 2203 余...

327 2220 419 2272 inucis
428 2223 461 2284 (1)
470 2223 500 2272 61
517 2235 617 2273 carnes
630 2234 682 2285 per
693 2221 819 2272 triduum
830 2221 892 2272 dari
905 2223 1032 2285 possunt.
1046 2220 1120 2273 Item
1133 2236 1190 2272 666
1201 2220 1406 2274 subtrahentur
1416 2235 1518 2274 carnes
1528 2223 1555 2273 in

327 2304 430 2355 itinere
448 2304 619 2355 constitutis.
639 2304 747 2355 Diebus
761 2305 855 2355 autem
868 2302 942 2365 aliis,
955 2305 1058 2367 quibus
1077 2303 1217 2355 ieiunium
1229 2317 1285 2355 non
1297 2305 1437 2366 servatur,
1458 2305 1555 2355 oviset

327 2400 409 2438 caseo
421 2388 539 2451 possunt
550 2387 611 2448 uti余
630 2386 750 2451 prandio
770 2388 799 2437 et
810 2399 881 2436 cena
892 2385 927 2437 de
950 2386 1007 2447 die,
1029 2386 1156 2451 exeeptis
1178 2385 1331 2452 languidis,
1351 2387 1512 2438 viatoribus
1529 2388 1555 2438 et

327 2469 458 2530 infirmis,
470 2470 603 2520 contente
615 2471 708 2520 erunt.
724 2468 858 2527 Qualibet
869 2470 1072 2521 6611616116...
1084 2469 1131 2520 die
1141 2468 1229 2521 natali
1242 2470 1356 2521 Domini
1369 2471 1400 2521 61
1414 2469 1554 2531 similiter,

328 2553 434 2602 aiesto
447 2553 573 2603 omnium
591 2554 754 2602 sanctorum
776 2564 866 2614 usque
887 2550 1006 2613 Pascha,
1025 2555 1127 2615 quarta
1139 2554 1168 2603 61
1187 2554 1267 2603 sexta
1284 2553 1367 2612 teria,
1380 2552 1554 2612 ieiunabunt,

327 2634 383 2684 nisi
400 2634 568 2685 infirmitate
580 2633 625 2684 vel
644 2633 701 2684 alia
719 2647 804 2684 causa
821 2631 952 2699 legitima
969 2637 1149 2695 excusentur,
1179 2633 1238 2686 alia
1253 2633 1442 2686 nihilominus
1454 2635 1556 2686 ieiunia

328 2716 363 2766 ab
384 2715 505 2767 ecclesia
516 2715 561 2769 vel
582 2715 648 2768 aliis
670 2717 824 2767 ordinariis
843 2717 974 2767 instituta
991 2720 1145 2768 servature.
1172 2716 1245 2768 Item
1263 2718 1293 2768 in
1310 2718 1555 2784 quadragesimam

327 2798 417 2848 sancti
427 2797 549 2865 Martyni
562 2785 651 2862 nsque
662 2797 756 2849 natale
768 2798 883 2849 Domini
895 2798 925 2849 et
933 2812 950 2849 a
959 2799 1102 2850 dominica
1109 2799 1328 2864 quadragesima
1335 2813 1428 2864 usque
1437 2799 1555 2859 Pascha,

327 2886 453 2951 exceptis
479 2882 579 2933 diebus
608 2881 768 2940 dominicis,
799 2881 854 2931 nisi
884 2881 1035 2933 infirmitas
1065 2881 1110 2932 vel
1140 2882 1294 2934 necessitas
1322 2881 1401 2933 aliud
1429 2882 1555 2943 suadeat,

326 2968 503 3019 ieiunabunt.
523 2964 595 3015 Item
613 2965 658 3014 ter
674 2963 705 3013 in
724 2976 808 3024 anno,
821 2962 955 3014 videlicet
967 2962 1064 3025 natali,
1083 2964 1293 3016 resurrectione
1310 2965 1340 3017 et
1356 2963 1556 3026 Penthecoate,

325 3050 536 3100 confitebuntur
553 3046 669 3109 peccata
688 3045 780 3094 suaet
798 3044 938 3107 recipient
956 3043 1128 3096 eucharistie
1146 3047 1363 3106 sacramentnm,
1382 3058 1413 3098 se
1430 3046 1555 3099 reconci-

324 3130 420 3183 liando
438 3129 574 3196 proximis
598 3129 627 3178 et
651 3126 827 3177 restituendo
849 3125 952 3177 aliena.
980 3126 1013 3177 In
1031 3127 1250 3192 quadragesima
1268 3128 1359 3179 sancti
1382 3127 1511 3195 Martyni
1528 3130 1558 3181 61

325 3214 412 3265 etiam
433 3212 573 3264 maiorum
585 3208 731 3268 ecclesias,
747 3208 775 3258 in
795 3222 916 3270 quarum
935 3207 1079 3273 parochiis
1095 3208 1235 3273 habitant,
1249 3209 1468 3262 matutinalibus
1480 3209 1557 3262 horis

325 3294 453 3354 adibunt,
467 3294 521 3344 nisi
534 3293 569 3344 de
587 3290 641 3342 hac
653 3304 739 3342 causa
756 3290 966 3342 rationabiliter
986 3292 1166 3343 excusentur.
1188 3292 1260 3344 Item
1276 3293 1352 3345 intra
1368 3293 1428 3345 tres
1445 3305 1557 3345 menses

324 3377 479 3429 inmediate
496 3376 560 3440 post
579 3387 678 3426 earum
700 3374 863 3438 ingressum
882 3374 1054 3425 testamenta
1065 3374 1187 3426 condent
1198 3376 1228 3426 et
1239 3375 1273 3426 de
1286 3375 1367 3426 bonis
1384 3375 1444 3425 suis
1457 3373 1557 3440 dispo-

324 3460 401 3518 nent.
416 3459 499 3521 Item,
510 3458 535 3509 si
548 3459 647 3508 contra
666 3455 711 3506 ius
723 3455 769 3506 vel
781 3452 933 3520 privilegia
943 3469 1042 3506 earum
1055 3460 1204 3517 vexentur,
1217 3457 1341 3508 ministri
1358 3459 1512 3509 recurrent
1522 3456 1557 3509 ad

324 3543 513 3607 dyocesanum
542 3540 592 3591 aut
619 3537 691 3590 alios
714 3537 843 3589 locorum
867 3537 1027 3589 ordinarios
1052 3539 1132 3590 iuxta
1159 3552 1259 3590 eornm
1287 3538 1502 3591 ordinationem
1530 3540 1559 3591 et

326 3623 478 3675 consilium
490 3621 668 3686 processum
691 3620 810 3684 ipseque
830 3631 942 3670 sorores
953 3620 983 3670 in
995 3620 1056 3670 suis
1067 3618 1169 3685 litigiis
1186 3619 1343 3672 6616161116
1360 3621 1480 3674 stabunt
1489 3621 1558 3686 iuri,

325 3706 400 3771 apud
420 3718 504 3770 quem
522 3704 630 3757 residet
644 3703 771 3768 potestas
786 3701 938 3752 iudicandi.
960 3701 1033 3753 Item
1054 3704 1120 3753 sunt
1136 3702 1237 3753 saltem
1257 3701 1344 3754 semel
1361 3703 1392 3754 in
1404 3703 1558 3756 annovisi

324 3789 418 3843 tande.
443 3787 566 3852 Insuper
585 3784 778 3839 humilitatem
802 3783 889 3849 panni
912 3785 941 3833 et
963 3783 1129 3848 pelliciones
1149 3799 1279 3836 sororum
1296 3785 1332 3836 ad
1351 3786 1466 3850 tempus
1486 3787 1516 3839 et
1528 3787 1558 3839 111

324 3869 515 3929 abstinentiis,
529 3868 647 3919 ieiuniis
666 3869 695 3918 et
713 3864 929 3917 austeritatibus
949 3864 1014 3917 aliis
1031 3879 1072 3917 ex
1084 3880 1170 3918 causa
1192 3866 1322 3934 legitima
1338 3880 1404 3918 cum
1419 3867 1558 3933 expedire

323 3952 457 4012 viderint,
476 3951 612 4015 poterunt
631 3948 769 4000 ordinarii
791 3947 917 3999 locorum
929 3948 975 4000 vel
993 3949 1123 4000 visitator
1134 3963 1199 4001 cum
1215 3949 1351 4001 iratribus
1368 3951 1399 4001 et
1408 3951 1560 4002 sororibus

323 4035 391 4086 dicti
413 4033 492 4085 tertii
514 4032 624 4084 ordinis
645 4031 822 4096 dispensare,
835 4033 920 4096 prout
939 4029 992 4083 hec
1009 4033 1038 4082 ct
1057 4032 1169 4083 diversa
1185 4029 1294 4083 alinde
1313 4029 1559 4098 regulaeiusdem

324 4116 442 4177 ordinis,
468 4128 524 4178 que
547 4114 582 4165 61
599 4126 719 4179 presens
743 4126 832 4164 causa
855 4113 1001 4164 brevitatis
1019 4114 1184 4176 omittimus,
1208 4114 1329 4166 vidimus
1351 4115 1381 4165 in
1401 4113 1559 4183 privilegio

324 4198 431 4249 domini
445 4194 586 4262 Nycholai
602 4209 675 4260 pape
688 4195 783 4258 quarti
795 4195 910 4260 plenius
921 4196 1071 4257 contineri,
1089 4210 1175 4261 snper
1195 4197 1307 4261 quibus,
1324 4197 1349 4247 si
1368 4209 1440 4263 opus
1456 4197 1558 4259 1116111,

323 4281 358 4332 61
370 4281 464 4344 ipsum
482 4279 670 4344 privilegium
687 4280 864 4331 recurratur.
879 4278 1010 4331 Ceterum
1021 4280 1126 4331 virtute
1137 4279 1282 4345 privilegii
1293 4279 1401 4332 domini
1412 4279 1560 4336 Bonilxcii

323 4375 395 4427 pape
405 4362 497 4413 octavi
509 4364 630 4427 possunt
645 4362 699 4427 ipsi
714 4362 819 4412 iratres
831 4364 860 4413 et
869 4374 982 4413 sorores
994 4362 1159 4414 airntribus
1169 4362 1278 4415 ordinis
1289 4362 1433 4415 ldinorum
1449 4364 1560 4419 ancha

322 4444 404 4495 ristie
416 4443 565 4508 percipere
577 4443 804 4507 sacramentum,
817 4448 997 4508 preterquam
1010 4443 1040 4494 in
1053 4445 1125 4495 testo
1137 4443 1257 4505 Pasche,
1273 4446 1370 4509 inquo
1387 4458 1441 4512 pro
1452 4445 1562 4501 divinis

322 4524 472 4580 audiendis
489 4525 519 4576 et
537 4524 642 4578 eodem
654 4526 833 4578 sacramento
848 4525 1012 4593 recipiendo
1029 4538 1093 4578 suas
1109 4524 1297 4597 parochpales
1312 4524 1449 4583 ecclesias
1459 4530 1559 4585 visita
