3188 5340
543 533 546 539 ·
589 513 693 570 ANNO
711 515 776 569 1397
1245 517 1292 571 173

67 678 120 749 abt
131 699 198 750 van
210 680 393 770 llilsningen
407 680 468 771 (l),
484 701 566 749 over
577 681 617 750 de
629 682 839 772 leveuewijze
851 682 911 751 dor
924 681 1082 750 Broeders
1098 702 1139 748 en
1154 683 1287 751 Zusters

67 804 129 852 van
146 785 208 853 het
228 806 384 873 gemaene
406 787 513 865 lesen.
533 822 573 835 -
586 785 752 875 (Dozelide
775 806 876 854 resen
902 803 1026 873 vragen
1050 785 1182 854 werden
1208 786 1283 854 hem

64 887 193 974 gesteld
208 889 257 957 als
271 909 335 956 asu
360 888 422 956 den
446 887 551 957 deken
577 889 768 959 everardus
790 891 875 957 Foco
898 910 962 956 van
979 889 1146 977 Utrecbt).
1165 888 1213 977 Op
1236 889 1288 957 die

62 1010 167 1058 seven
189 996 314 1077 penten
340 991 428 1079 geeft
451 991 497 1082 hij
522 1013 581 1060 een
610 993 746 1081 gunstig
772 992 955 1071 sntwoord,
987 992 1058 1060 zioh
1084 991 1288 1080 beroepende

63 1113 104 1180 op
120 1093 249 1162 allerlei
265 1095 412 1164 teksten.

94 1231 371 1308 &presuraorssgstusn
382 1233 548 1288 amabilis
561 1241 588 1288 et
604 1250 707 1303 meone
723 1234 878 1305 eloqumete
893 1236 948 1288 oiri
964 1241 990 1289 et
1007 1233 1116 1288 domim
1131 1233 1238 1290 obbatis
1254 1238 1287 1294 in

61 1313 274 1385 owmbtgbe,
302 1315 422 1370 άοιιονίι
448 1319 479 1371 in
506 1315 631 1384 deornm
648 1334 734 1387 super
763 1317 930 1389 quibiodom
954 1317 1140 1389 questionibus
1166 1320 1287 1388 interius

59 1400 206 1452 mmototts
221 1407 247 1453 st
263 1401 433 1468 como-iptis.
1003 1392 1008 1401 ’

93 1496 245 1557 Quesitum
254 1500 298 1552 est
307 1498 388 1562 mihi,
400 1501 505 1563 utrum,
518 1501 579 1554 sine
593 1501 701 1554 offensa
712 1499 792 1561 iuris,
806 1503 859 1553 eto.
876 1501 920 1566 (2).

93 1580 138 1633 Ad
149 1579 204 1634 bec
214 1581 372 1647 omniapro
382 1596 446 1634 meo
458 1597 560 1649 sapere
571 1586 601 1636 et
617 1584 723 1636 sentire
744 1583 865 1650 singulis
883 1583 1006 1637 sollicite
1023 1582 1178 1651 diligencia
1196 1597 1283 1650 quam

59 1662 143 1727 poni
153 1662 289 1716 discums
301 1666 330 1717 et
341 1665 510 1717 examinatis
522 1678 557 1718 ea
567 1678 624 1730 que
636 1667 792 1730 sequuntur
803 1666 948 1732 respondi.

93 1743 139 1797 Ad
154 1745 288 1811 primum,
303 1746 378 1811 quod
392 1761 398 1797 :
411 1748 469 1799 Aut
478 1748 610 1813 premissi
621 1747 750 1800 homines
761 1747 859 1800 vivunt
869 1751 898 1800 et
915 1747 1078 1801 cohabitant
1094 1747 1285 1816 collegialiter

60 1829 112 1879 aut
133 1826 358 1881 conventualiter
380 1842 432 1895 per
459 1844 534 1882 noue
562 1829 713 1896 religionis
739 1831 964 1896 assumptionem
988 1830 1035 1884 vel
1056 1830 1149 1883 illiciti
1171 1830 1284 1898 colleglj

58 1909 286 1972 institucionem,
298 1910 353 1962 hoc
363 1914 407 1964 est
419 1912 443 1962 si
460 1912 622 1977 superiores
640 1911 759 1978 eligant,
776 1913 981 1978 protensionem
997 1914 1104 1966 iaciant
1120 1913 1164 1965 vel
1181 1928 1286 1967 nouam

58 1990 193 2060 regulam
203 1995 356 2056 usumant,
365 1996 395 2047 et
406 1996 473 2046 tunc
484 1997 527 2046 est
538 1994 671 2047 illicitum
683 1997 712 2048 et
722 2009 775 2061 per
786 1996 882 2049 sedem
894 1995 1078 2063 apostolicam
1089 1996 1281 2063 reprobatum,

58 2077 145 2127 extra
163 2075 200 2128 de
218 2074 313 2142 religi.
334 2076 379 2127 do.
398 2092 424 2129 o.
442 2077 485 2129 Ne
501 2079 590 2129 nienio
611 2090 635 2130 e.
655 2078 687 2128 ti.
706 2093 730 2129 o.
755 2076 838 2130 Unico
858 2076 891 2129 li.
908 2079 945 2143 vj.
972 2080 1002 2132 et
1029 2079 1060 2150 in
1079 2080 1284 2145 extrsuagante

56 2155 201 2210 scamnis
227 2158 285 2222 xxij
305 2157 407 2212 &neto
425 2158 555 2213 &mono
574 2160 638 2224 §de
650 2158 737 2212 colle.
751 2158 804 2211 illi.
823 2159 842 2210 l.
856 2174 879 2210 s.
902 2161 959 2213 Aut
978 2161 1078 2213 viuunt
1097 2174 1149 2227 per
1170 2161 1286 2213 modum

59 2238 201 2305 simplicis
211 2240 357 2292 societatis
368 2242 397 2294 et
408 2241 543 2294 unionem
554 2243 682 2294 fraterne
694 2243 822 2294 cantatis
841 2243 902 2294 sine
922 2242 1072 2309 religionis
1089 2244 1284 2307 assumptione

58 2320 106 2375 vel
117 2319 213 2386 illiciti
225 2320 341 2389 collegi]
354 2324 571 2388 constitucione,
584 2326 613 2376 et
624 2325 692 2377 tunc
710 2325 754 2377 est
773 2325 888 2376 omnino
908 2324 1019 2376 licitum
1039 2327 1068 2377 et
1087 2326 1285 2391 meritorium

58 2404 164 2470 probat
191 2405 339 2472 exhauag.
376 2406 507 2473 Gregorij
535 2408 562 2471 xj
598 2406 643 2459 Iic
678 2409 812 2469 iniuncto,
837 2407 983 2472 Benedicti
1019 2407 1059 2472 xij
1092 2407 1178 2462 Recto
1198 2409 1285 2470 rasio.

59 2486 202 2553 Boniiamj
221 2486 252 2538 ix
267 2486 312 2539 Eo
327 2488 460 2540 iniuncto.
479 2489 509 2542 si
526 2488 640 2554 quidem
659 2490 749 2540 omnis
768 2488 925 2541 amicabilis
937 2490 1057 2542 societas
1071 2489 1186 2542 ridetur
1195 2488 1285 2556 licita,

59 2569 214 2631 dummodo
224 2569 319 2638 legem
330 2572 472 2637 publicam
492 2586 548 2624 non
565 2574 729 2638 corrumpat
742 2571 789 2625 uel
807 2571 885 2624 aliud
902 2571 1036 2624 illinitum
1053 2574 1153 2625 contra
1171 2574 1285 2625 senatus

58 2646 207 2701 consultus
218 2652 345 2715 usurpet,
357 2651 390 2703 ut
400 2652 480 2703 notat
491 2651 572 2703 Host.
584 2652 614 2703 in
627 2665 746 2716 summa,
758 2649 790 2702 li.
803 2665 825 2702 s.
838 2665 865 2702 r.
877 2649 919 2703 De
928 2648 1042 2718 syndico
1054 2651 1073 2715 ἓ
1085 2648 1110 2716 l,
1122 2651 1153 2703 in
1165 2651 1221 2703 fine
1233 2665 1285 2717 per

56 2730 78 2782 l.
90 2729 175 2796 ults
191 2731 227 2784 de
244 2731 327 2785 colle.
345 2731 411 2797 illi,
423 2748 476 2802 osse
495 2740 534 2786 est
551 2735 660 2802 procu,
672 2735 702 2786 et
720 2733 804 2786 Iuno.
822 2734 852 2784 in
873 2735 1014 2800 apparatu
1035 2733 1174 2786 ostrado
1191 2747 1283 2786 eroes.

55 2811 150 2879 prela.
162 2827 250 2880 super
261 2829 285 2866 e.
298 2813 415 2867 Dilecto.
428 2816 532 2869 viuere
544 2817 636 2868 eciam
647 2817 677 2868 iu
688 2817 830 2868 communi
843 2815 890 2868 lex
903 2814 1041 2868 naturalis
1054 2815 1158 2867 docuit.
1171 2815 1210 2868 di.
1224 2817 1247 2870 l.
1257 2830 1283 2868 c.

55 2893 112 2948 Ius
121 2894 265 2950 naturale.
278 2898 302 2949 Α
314 2896 491 2963 philosophis
508 2911 561 2964 per
580 2897 676 2966 legem
696 2897 855 2950 naturalem
874 2897 1008 2950 traditur.
1021 2896 1081 2963 viil.
1094 2897 1133 2950 di.
1145 2911 1170 2951 c.
1181 2896 1285 2965 Differo

56 2977 99 3042 xij
120 2992 148 3043 q.
162 2977 182 3029 i.
194 2991 219 3028 e.
240 2976 439 3032 omnum
460 2978 495 3032 In
515 2980 613 3033 diuina
633 2980 780 3046 Scriptura
800 2979 966 3032 consulitur.
988 2978 1102 3032 Psalmo
1121 2980 1238 3045 mxiij⁰
1254 2981 1284 3032 et

56 3057 247 3114 Eodesiastes
257 3062 324 3128 iiiia
336 3064 361 3115 A
372 3063 484 3116 Christo
496 3078 561 3116 cum
578 3065 645 3116 suis.
657 3062 803 3129 discipulis
822 3064 1036 3126 obseruabatur‚
1057 3076 1175 3128 quorum
1193 3062 1283 3116 ludas

56 3142 169 3196 loculos
177 3143 277 3196 babuit
285 3148 314 3198 et
324 3147 515 3199 communium
526 3149 624 3199 rerum
634 3147 802 3213 procurator
809 3146 873 3200 luit.
880 3145 946 3199 lob.
953 3147 1014 3210 xiij.
1026 3145 1083 3198 Per
1091 3144 1284 3210 apostolorum

56 3225 223 3292 exemplum
239 3230 269 3279 et
285 3241 337 3294 per
348 3228 469 3282 ecclesie
481 3229 627 3295 primitius
640 3229 744 3280 statum
755 3229 994 3294 perfectissimum
1005 3229 1036 3282 et
1045 3227 1137 3279 omnis
1145 3225 1202 3277 vite
1211 3225 1284 3278 bone

55 3310 250 3363 ιοοιιιιιιιιιιιιι
268 3311 465 3377 magisterium
476 3312 659 3376 approbatur.
673 3312 711 3376 xij
725 3326 752 3376 q.
765 3311 784 3363 i.
798 3326 821 3363 c.
835 3308 1024 3364 Dmctbnmis
1044 3312 1074 3362 et
1084 3309 1206 3363 actuum
1217 3306 1283 3372 iiij0.

56 3389 251 3443 Multitudinis
262 3392 443 3445 eredencium
462 3396 525 3445 erat
541 3407 592 3445 cor
610 3407 698 3445 unum
715 3395 744 3445 et
765 3393 860 3446 anima
876 3404 942 3454 una,
956 3404 1009 3443 neo
1023 3389 1172 3454 quisquam
1184 3399 1284 3439 eorum

55 3485 116 3538 que
133 3472 296 3539 possidebat
313 3474 422 3540 aliquid
444 3489 527 3527 suum
550 3489 613 3527 esse
634 3476 755 3537 dicebat,
776 3478 806 3527 et
817 3476 899 3528 erant
915 3473 974 3527 illis
993 3471 1094 3524 omnia
1112 3469 1284 3535 communia.¹

54 3553 154 3621 Igitur
178 3558 260 3609 extra
283 3556 454 3624 religionem
483 3559 513 3609 in
536 3557 678 3609 communi
707 3557 805 3609 viuere
828 3569 884 3607 non
906 3557 951 3607 est
969 3555 1118 3606 dissonm
1138 3553 1284 3619 scripture

54 3635 104 3690 vel
117 3638 312 3691 consuetudini
324 3638 455 3702 ecclesie,
476 3640 526 3693 sed
546 3640 575 3690 in
596 3638 717 3693 ecclesia
736 3637 818 3690 valde
838 3638 990 3697 usitatum
1012 3637 1087 3689 uude
1099 3635 1237 3689 etulerici
1248 3635 1283 3688 de

52 3720 124 3786 jure
139 3722 281 3773 communi
297 3722 450 3775 secundum
470 3723 607 3788 quosdam
626 3722 729 3774 debent
749 3722 844 3774 viuere
864 3720 894 3772 iu
914 3720 1056 3772 communi
1076 3733 1129 3785 per
1144 3733 1169 3770 c.
1185 3716 1281 3779 Quem,

54 3802 150 3854 extra.
160 3801 196 3854 de
207 3802 266 3854 vita
285 3803 314 3856 et
332 3802 378 3855 bo.
392 3803 463 3858 cleri
482 3804 522 3868 aij
541 3819 568 3869 q.
587 3805 607 3856 t.
628 3802 685 3856 Per
703 3799 805 3864 molto,
818 3817 842 3854 e.
864 3802 920 3867 xvj.
941 3816 968 3866 q.
990 3799 1119 3854 Decimae
1140 3801 1230 3865 xxxij.
1242 3799 1281 3852 di.

54 3881 162 3937 Pron
179 3881 238 3936 beo.

87 4060 127 4130 (1)
148 4061 360 4131 Βξίιήοιιὸιρήο,
387 4063 471 4117 thane
501 4062 672 4131 Dibninoen,
704 4064 826 4132 gelegen
857 4078 894 4130 op
921 4063 971 4115 het
1002 4061 1199 4129 grondgebied
1227 4060 1279 4112 der

48 4148 206 4211 gemeeute
216 4147 251 4199 de
263 4145 342 4212 Wijls
351 4147 440 4213 (prov.
450 4146 597 4210 Brenthe),
607 4161 729 4214 vroeger
744 4160 815 4200 eene
832 4146 907 4211 abdlj
920 4159 957 4197 cu
969 4144 1052 4196 tlsaus
1065 4157 1117 4196 een
1126 4143 1278 4209 landgoed.

86 4225 127 4292 (2)
149 4227 221 4279 Hier
241 4227 345 4296 volgen
364 4228 459 4283 soluier
477 4227 616 4294 letterliik
637 4229 672 4281 de
693 4242 777 4281 neven
796 4241 913 4294 pragen,
934 4226 980 4278 die
998 4239 1052 4278 aun
1063 4224 1114 4278 het
1125 4224 1213 4277 hoold
1224 4238 1278 4278 van

50 4308 106 4364 het
118 4311 211 4362 eerete
230 4309 345 4363 oordeel
361 4325 416 4365 van
434 4311 595 4365 llverardus
616 4311 691 4364 Foec
710 4311 883 4363 soorkomeu
903 4309 955 4376 (sie
975 4307 1130 4360 hierboven
1151 4322 1203 4358 ons
1214 4306 1280 4358 stuli

50 4401 85 4445 ur
97 4392 156 4470 199,
170 4391 309 4459 bln.160);
328 4394 465 4447 nocbtans
477 4395 568 4447 wordt
587 4393 652 4446 hier
668 4395 704 4447 de
723 4394 843 4447 serendo
855 4406 943 4458 vraag
957 4393 987 4443 in
998 4392 1085 4444 desen
1098 4389 1281 4458 gewljzigden

48 4488 139 4529 vorm
155 4488 341 4543 opgegeven:
360 4496 373 4524 ι
387 4478 521 4544 Septimo,
542 4478 638 4530 utrum
657 4490 743 4543 super
760 4476 906 4543 premissis
926 4473 970 4527 vel
987 4472 1128 4527 similibus
1150 4469 1280 4526 arficulm

48 4559 389 4625 inquirereadoffioium
399 4562 541 4628 pertineat
550 4560 728 4626 inquisitoris
739 4560 866 4614 heretice
876 4557 1065 4625 prauitatis·
1227 4559 1229 4562 ·
