<?xml version="1.0" encoding="UTF-8"?>
<!DOCTYPE html PUBLIC "-//W3C//DTD XHTML 1.0 Transitional//EN"
    "http://www.w3.org/TR/xhtml1/DTD/xhtml1-transitional.dtd">
<html xmlns="http://www.w3.org/1999/xhtml" xml:lang="en" lang="en">
 <head>
  <title>
</title>
<meta http-equiv="Content-Type" content="text/html;charset=utf-8" />
  <meta name='ocr-system' content='tesseract 3.04.00' />
  <meta name='ocr-capabilities' content='ocr_page ocr_carea ocr_par ocr_line ocrx_word'/>
</head>
<body>
  <div class='ocr_page' id='page_1' title='image "./corpusdocumento00frgoog_0094.png"; bbox 0 0 3256 5324; ppageno 0'>
   <div class='ocr_carea' id='block_1_1' title="bbox 720 536 1434 591">
    <p class='ocr_par' dir='ltr' id='par_1_1' title="bbox 720 536 1434 591">
     <span class='ocr_line' id='line_1_1' title="bbox 720 536 1434 591; baseline -0.017 -1"><span class='ocrx_word' id='word_1_1' title='bbox 720 536 824 591; x_wconf 83' lang='lat' dir='ltr'>ANNO</span> <span class='ocrx_word' id='word_1_2' title='bbox 845 537 909 591; x_wconf 86' lang='lat'>1310</span> <span class='ocrx_word' id='word_1_3' title='bbox 1400 536 1434 590; x_wconf 84' lang='lat'><strong>63</strong></span> 
     </span>
    </p>
   </div>
   <div class='ocr_carea' id='block_1_2' title="bbox 467 697 1433 1424">
    <p class='ocr_par' dir='ltr' id='par_1_2' title="bbox 467 697 1433 1424">
     <span class='ocr_line' id='line_1_2' title="bbox 467 697 1433 768; baseline 0 -13"><span class='ocrx_word' id='word_1_4' title='bbox 467 697 538 768; x_wconf 74' lang='lat' dir='ltr'><strong>psus</strong></span> <span class='ocrx_word' id='word_1_5' title='bbox 554 701 651 754; x_wconf 85' lang='lat' dir='ltr'><strong>maakt</strong></span> <span class='ocrx_word' id='word_1_6' title='bbox 662 701 730 755; x_wconf 82' lang='lat' dir='ltr'><strong>dene</strong></span> <span class='ocrx_word' id='word_1_7' title='bbox 741 701 960 768; x_wconf 86' lang='lat' dir='ltr'><strong>veroordeeling</strong></span> <span class='ocrx_word' id='word_1_8' title='bbox 973 700 1085 754; x_wconf 86' lang='lat' dir='ltr'><strong>behend</strong></span> <span class='ocrx_word' id='word_1_9' title='bbox 1097 714 1151 754; x_wconf 88' lang='lat' dir='ltr'><strong>aan</strong></span> <span class='ocrx_word' id='word_1_10' title='bbox 1171 701 1226 756; x_wconf 88' lang='lat' dir='ltr'><strong>den</strong></span> <span class='ocrx_word' id='word_1_11' title='bbox 1246 701 1433 758; x_wconf 83' lang='lat' dir='ltr'><strong>vleamschen</strong></span> 
     </span>
     <span class='ocr_line' id='line_1_3' title="bbox 468 782 1432 852; baseline 0 -15"><span class='ocrx_word' id='word_1_12' title='bbox 468 786 553 852; x_wconf 82' lang='lat' dir='ltr'><strong>graal</strong></span> <span class='ocrx_word' id='word_1_13' title='bbox 564 798 600 837; x_wconf 89' lang='lat' dir='ltr'><strong>en</strong></span> <span class='ocrx_word' id='word_1_14' title='bbox 612 783 723 836; x_wconf 88' lang='lat' dir='ltr'><strong>beveelt</strong></span> <span class='ocrx_word' id='word_1_15' title='bbox 734 784 801 837; x_wconf 89' lang='lat' dir='ltr'><strong>hem</strong></span> <span class='ocrx_word' id='word_1_16' title='bbox 813 785 848 836; x_wconf 89' lang='lat' dir='ltr'><strong>de</strong></span> <span class='ocrx_word' id='word_1_17' title='bbox 860 785 1004 851; x_wconf 90' lang='lat' dir='ltr'><strong>goederen</strong></span> <span class='ocrx_word' id='word_1_18' title='bbox 1016 785 1068 836; x_wconf 90' lang='lat' dir='ltr'><strong>der</strong></span> <span class='ocrx_word' id='word_1_19' title='bbox 1080 782 1329 850; x_wconf 82' lang='lat' dir='ltr'><strong>Tempelorde&#39;aan</strong></span> <span class='ocrx_word' id='word_1_20' title='bbox 1337 785 1373 838; x_wconf 89' lang='lat' dir='ltr'><strong>de</strong></span> <span class='ocrx_word' id='word_1_21' title='bbox 1385 786 1432 839; x_wconf 85' lang='lat' dir='ltr'><strong>st-</strong></span> 
     </span>
     <span class='ocr_line' id='line_1_4' title="bbox 468 866 1433 934; baseline 0 -15"><span class='ocrx_word' id='word_1_22' title='bbox 468 867 657 919; x_wconf 81' lang='lat' dir='ltr'><strong>Jansridders</strong></span> <span class='ocrx_word' id='word_1_23' title='bbox 667 881 735 919; x_wconf 87' lang='lat' dir='ltr'><strong>over</strong></span> <span class='ocrx_word' id='word_1_24' title='bbox 746 869 774 920; x_wconf 90' lang='lat' dir='ltr'><strong>te</strong></span> <span class='ocrx_word' id='word_1_25' title='bbox 783 881 873 933; x_wconf 82' lang='lat' dir='ltr'><strong>geren</strong></span> <span class='ocrx_word' id='word_1_26' title='bbox 886 867 1040 933; x_wconf 88' lang='lat' dir='ltr'><strong>(Liberoni,</strong></span> <span class='ocrx_word' id='word_1_27' title='bbox 1055 866 1086 916; x_wconf 89' lang='grc'><strong>16</strong></span> <span class='ocrx_word' id='word_1_28' title='bbox 1097 867 1155 920; x_wconf 84' lang='lat' dir='ltr'><strong>Mei</strong></span> <span class='ocrx_word' id='word_1_29' title='bbox 1166 867 1246 934; x_wconf 79' lang='lat'>1³123</span> <span class='ocrx_word' id='word_1_30' title='bbox 1256 869 1284 920; x_wconf 80' lang='lat' dir='ltr'><strong>J.</strong></span> <span class='ocrx_word' id='word_1_31' title='bbox 1295 870 1330 920; x_wconf 89' lang='lat' dir='ltr'><strong>de</strong></span> <span class='ocrx_word' id='word_1_32' title='bbox 1339 869 1433 922; x_wconf 85' lang='lat' dir='ltr'><strong>Saint-</strong></span> 
     </span>
     <span class='ocr_line' id='line_1_5' title="bbox 470 949 1432 1020; baseline 0.001 -17"><span class='ocrx_word' id='word_1_33' title='bbox 470 951 586 1014; x_wconf 87' lang='lat' dir='ltr'><strong>Genois,</strong></span> <span class='ocrx_word' id='word_1_34' title='bbox 600 949 762 1003; x_wconf 67' lang='lat' dir='ltr'><strong>Inomaire</strong></span> <span class='ocrx_word' id='word_1_35' title='bbox 772 950 934 1020; x_wconf 73' lang='lat' dir='ltr'><strong>analytique</strong></span> <span class='ocrx_word' id='word_1_36' title='bbox 945 951 994 1004; x_wconf 82' lang='lat' dir='ltr'><strong>des</strong></span> <span class='ocrx_word' id='word_1_37' title='bbox 1009 949 1119 1005; x_wconf 78' lang='lat' dir='ltr'><strong>chortes</strong></span> <span class='ocrx_word' id='word_1_38' title='bbox 1135 949 1171 1003; x_wconf 78' lang='lat' dir='ltr'><strong>de</strong></span> <span class='ocrx_word' id='word_1_39' title='bbox 1187 958 1288 1004; x_wconf 68' lang='lat' dir='ltr'><strong>coortu</strong></span> <span class='ocrx_word' id='word_1_40' title='bbox 1299 949 1334 1004; x_wconf 79' lang='lat' dir='ltr'><strong>de</strong></span> <span class='ocrx_word' id='word_1_41' title='bbox 1345 949 1432 1003; x_wconf 74' lang='lat' dir='ltr'><strong>Flan-</strong></span> 
     </span>
     <span class='ocr_line' id='line_1_6' title="bbox 467 1027 1432 1097; baseline 0.001 -16"><span class='ocrx_word' id='word_1_42' title='bbox 467 1027 529 1092; x_wconf 79' lang='lat' dir='ltr'><strong>dro,</strong></span> <span class='ocrx_word' id='word_1_43' title='bbox 543 1029 595 1081; x_wconf 85' lang='lat' dir='ltr'><strong>bln.</strong></span> <span class='ocrx_word' id='word_1_44' title='bbox 608 1030 685 1094; x_wconf 80' lang='lat'>³57);</span> <span class='ocrx_word' id='word_1_45' title='bbox 705 1029 830 1082; x_wconf 83' lang='lat' dir='ltr'><strong>denellde</strong></span> <span class='ocrx_word' id='word_1_46' title='bbox 848 1044 917 1096; x_wconf 89' lang='lat' dir='ltr'><strong>paus</strong></span> <span class='ocrx_word' id='word_1_47' title='bbox 938 1030 1049 1082; x_wconf 89' lang='lat' dir='ltr'><strong>beveelt</strong></span> <span class='ocrx_word' id='word_1_48' title='bbox 1068 1045 1122 1083; x_wconf 87' lang='lat' dir='ltr'><strong>aan</strong></span> <span class='ocrx_word' id='word_1_49' title='bbox 1134 1032 1168 1083; x_wconf 94' lang='lat' dir='ltr'><strong>de</strong></span> <span class='ocrx_word' id='word_1_50' title='bbox 1181 1031 1367 1097; x_wconf 84' lang='lat' dir='ltr'><strong>bisschoppen</strong></span> <span class='ocrx_word' id='word_1_51' title='bbox 1378 1045 1432 1082; x_wconf 82' lang='lat' dir='ltr'><strong>vau</strong></span> 
     </span>
     <span class='ocr_line' id='line_1_7' title="bbox 469 1110 1433 1175; baseline -0.001 -11"><span class='ocrx_word' id='word_1_52' title='bbox 469 1112 552 1174; x_wconf 80' lang='lat' dir='ltr'><strong>bleta,</strong></span> <span class='ocrx_word' id='word_1_53' title='bbox 565 1110 650 1173; x_wconf 86' lang='lat' dir='ltr'><strong>Toul,</strong></span> <span class='ocrx_word' id='word_1_54' title='bbox 663 1112 810 1175; x_wconf 82' lang='lat' dir='ltr'><strong>Terwaan,</strong></span> <span class='ocrx_word' id='word_1_55' title='bbox 821 1112 943 1175; x_wconf 88' lang='lat' dir='ltr'><strong>Keulen,</strong></span> <span class='ocrx_word' id='word_1_56' title='bbox 955 1113 1029 1165; x_wconf 81' lang='lat' dir='ltr'><strong>Luilx</strong></span> <span class='ocrx_word' id='word_1_57' title='bbox 1041 1126 1077 1165; x_wconf 90' lang='lat' dir='ltr'><strong>en</strong></span> <span class='ocrx_word' id='word_1_58' title='bbox 1090 1113 1209 1165; x_wconf 85' lang='lat' dir='ltr'><strong>Utrecht</strong></span> <span class='ocrx_word' id='word_1_59' title='bbox 1220 1128 1256 1166; x_wconf 90' lang='lat' dir='ltr'><strong>en</strong></span> <span class='ocrx_word' id='word_1_60' title='bbox 1265 1127 1319 1166; x_wconf 88' lang='lat' dir='ltr'><strong>aan</strong></span> <span class='ocrx_word' id='word_1_61' title='bbox 1331 1111 1433 1165; x_wconf 87' lang='lat' dir='ltr'><strong>enkele</strong></span> 
     </span>
     <span class='ocr_line' id='line_1_8' title="bbox 469 1194 1433 1262; baseline 0.002 -18"><span class='ocrx_word' id='word_1_62' title='bbox 469 1194 585 1256; x_wconf 76' lang='lat' dir='ltr'><strong>dellens,</strong></span> <span class='ocrx_word' id='word_1_63' title='bbox 604 1194 773 1247; x_wconf 86' lang='lat' dir='ltr'><strong>waaronder</strong></span> <span class='ocrx_word' id='word_1_64' title='bbox 783 1196 848 1248; x_wconf 90' lang='lat' dir='ltr'><strong>dien</strong></span> <span class='ocrx_word' id='word_1_65' title='bbox 860 1209 914 1248; x_wconf 88' lang='lat' dir='ltr'><strong>van</strong></span> <span class='ocrx_word' id='word_1_66' title='bbox 931 1196 1024 1257; x_wconf 81' lang='lat' dir='ltr'><strong>Trier,</strong></span> <span class='ocrx_word' id='word_1_67' title='bbox 1041 1196 1089 1247; x_wconf 87' lang='lat' dir='ltr'><strong>dat</strong></span> <span class='ocrx_word' id='word_1_68' title='bbox 1102 1197 1135 1260; x_wconf 75' lang='lat' dir='ltr'><strong>aij</strong></span> <span class='ocrx_word' id='word_1_69' title='bbox 1148 1197 1184 1249; x_wconf 90' lang='lat' dir='ltr'><strong>de</strong></span> <span class='ocrx_word' id='word_1_70' title='bbox 1196 1197 1369 1262; x_wconf 85' lang='lat' dir='ltr'><strong>bezittingen</strong></span> <span class='ocrx_word' id='word_1_71' title='bbox 1381 1196 1433 1247; x_wconf 89' lang='lat' dir='ltr'><strong>der</strong></span> 
     </span>
     <span class='ocr_line' id='line_1_9' title="bbox 468 1276 1432 1345; baseline -0.001 -14"><span class='ocrx_word' id='word_1_72' title='bbox 468 1276 698 1343; x_wconf 82' lang='lat' dir='ltr'><strong>Tempelridders</strong></span> <span class='ocrx_word' id='word_1_73' title='bbox 716 1279 746 1329; x_wconf 92' lang='lat' dir='ltr'><strong>in</strong></span> <span class='ocrx_word' id='word_1_74' title='bbox 766 1277 865 1345; x_wconf 86' lang='lat' dir='ltr'><strong>beslag</strong></span> <span class='ocrx_word' id='word_1_75' title='bbox 878 1282 992 1338; x_wconf 87' lang='lat' dir='ltr'><strong>moeten</strong></span> <span class='ocrx_word' id='word_1_76' title='bbox 1015 1293 1116 1332; x_wconf 85' lang='lat' dir='ltr'><strong>nemen</strong></span> <span class='ocrx_word' id='word_1_77' title='bbox 1134 1279 1246 1344; x_wconf 84' lang='lat' dir='ltr'><strong>(blansi,</strong></span> <span class='ocrx_word' id='word_1_78' title='bbox 1258 1279 1321 1332; x_wconf 89' lang='lat' dir='ltr'><strong>deel</strong></span> <span class='ocrx_word' id='word_1_79' title='bbox 1342 1278 1432 1341; x_wconf 84' lang='lat' dir='ltr'><strong>XXV,</strong></span> 
     </span>
     <span class='ocr_line' id='line_1_10' title="bbox 467 1360 601 1424; baseline 0 -14"><span class='ocrx_word' id='word_1_80' title='bbox 467 1361 520 1412; x_wconf 83' lang='lat' dir='ltr'><strong>blx.</strong></span> <span class='ocrx_word' id='word_1_81' title='bbox 533 1360 601 1424; x_wconf 74' lang='lat'>401).</span> 
     </span>
    </p>
   </div>
   <div class='ocr_carea' id='block_1_3' title="bbox 702 1526 933 1625">
    <p class='ocr_par' dir='ltr' id='par_1_3' title="bbox 702 1526 933 1625">
     <span class='ocr_line' id='line_1_11' title="bbox 702 1526 933 1625; baseline -0.013 -22"><span class='ocrx_word' id='word_1_82' title='bbox 702 1533 752 1603; x_wconf 79' lang='lat' dir='ltr'><strong>an</strong></span> <span class='ocrx_word' id='word_1_83' title='bbox 778 1526 933 1625; x_wconf 67' lang='lat' dir='ltr'><strong>(noar).</strong></span> 
     </span>
    </p>
   </div>
   <div class='ocr_carea' id='block_1_4' title="bbox 232 1737 1432 2961">
    <p class='ocr_par' dir='ltr' id='par_1_4' title="bbox 232 1737 1432 2961">
     <span class='ocr_line' id='line_1_12' title="bbox 272 1737 1430 1831; baseline -0.003 -22"><span class='ocrx_word' id='word_1_84' title='bbox 272 1750 343 1826; x_wconf 81' lang='lat'><strong>1310,</strong></span> <span class='ocrx_word' id='word_1_85' title='bbox 361 1743 467 1831; x_wconf 79' lang='lat' dir='ltr'><strong>April</strong></span> <span class='ocrx_word' id='word_1_86' title='bbox 484 1746 534 1820; x_wconf 86' lang='lat'><strong>11,</strong></span> <span class='ocrx_word' id='word_1_87' title='bbox 553 1741 685 1827; x_wconf 72' lang='lat' dir='ltr'><strong>Pamjs.</strong></span> <span class='ocrx_word' id='word_1_88' title='bbox 717 1737 986 1807; x_wconf 80' lang='lat' dir='ltr'><strong>Preces-verbasl</strong></span> <span class='ocrx_word' id='word_1_89' title='bbox 1003 1759 1064 1806; x_wconf 88' lang='lat' dir='ltr'><strong>van</strong></span> <span class='ocrx_word' id='word_1_90' title='bbox 1082 1739 1142 1807; x_wconf 87' lang='lat' dir='ltr'><strong>het</strong></span> <span class='ocrx_word' id='word_1_91' title='bbox 1157 1739 1339 1806; x_wconf 87' lang='lat' dir='ltr'><strong>onderzoek</strong></span> <span class='ocrx_word' id='word_1_92' title='bbox 1368 1760 1430 1806; x_wconf 84' lang='lat' dir='ltr'><strong>van</strong></span> 
     </span>
     <span class='ocr_line' id='line_1_13' title="bbox 238 1841 1428 1936; baseline -0.01 -17"><span class='ocrx_word' id='word_1_93' title='bbox 238 1847 416 1936; x_wconf 75' lang='lat' dir='ltr'><strong>litigarethe</strong></span> <span class='ocrx_word' id='word_1_94' title='bbox 433 1845 578 1913; x_wconf 84' lang='lat' dir='ltr'><strong>Porete&#39;s</strong></span> <span class='ocrx_word' id='word_1_95' title='bbox 593 1843 752 1910; x_wconf 84' lang='lat' dir='ltr'><strong>verdaoht</strong></span> <span class='ocrx_word' id='word_1_96' title='bbox 775 1841 946 1928; x_wconf 84' lang='lat' dir='ltr'><strong>gescbrift‚</strong></span> <span class='ocrx_word' id='word_1_97' title='bbox 965 1864 1005 1928; x_wconf 91' lang='lat' dir='ltr'><strong>op</strong></span> <span class='ocrx_word' id='word_1_98' title='bbox 1020 1843 1162 1909; x_wconf 86' lang='lat' dir='ltr'><strong>verzoek</strong></span> <span class='ocrx_word' id='word_1_99' title='bbox 1178 1863 1241 1909; x_wconf 86' lang='lat' dir='ltr'><strong>van</strong></span> <span class='ocrx_word' id='word_1_100' title='bbox 1256 1842 1318 1909; x_wconf 92' lang='lat' dir='ltr'><strong>den</strong></span> <span class='ocrx_word' id='word_1_101' title='bbox 1339 1843 1428 1929; x_wconf 87' lang='lat' dir='ltr'><strong>alge·</strong></span> 
     </span>
     <span class='ocr_line' id='line_1_14' title="bbox 237 1945 1431 2036; baseline -0.006 -17"><span class='ocrx_word' id='word_1_102' title='bbox 237 1971 341 2020; x_wconf 76' lang='lat' dir='ltr'><strong>neuen</strong></span> <span class='ocrx_word' id='word_1_103' title='bbox 356 1949 553 2036; x_wconf 88' lang='lat' dir='ltr'><strong>inquisiteur</strong></span> <span class='ocrx_word' id='word_1_104' title='bbox 577 1945 712 2014; x_wconf 91' lang='lat' dir='ltr'><strong>Willem</strong></span> <span class='ocrx_word' id='word_1_105' title='bbox 737 1967 800 2012; x_wconf 86' lang='lat' dir='ltr'><strong>van</strong></span> <span class='ocrx_word' id='word_1_106' title='bbox 826 1948 931 2034; x_wconf 88' lang='lat' dir='ltr'><strong>Parijs</strong></span> <span class='ocrx_word' id='word_1_107' title='bbox 955 1945 1117 2033; x_wconf 87' lang='lat' dir='ltr'><strong>ingesteld</strong></span> <span class='ocrx_word' id='word_1_108' title='bbox 1140 1946 1220 2014; x_wconf 88' lang='lat' dir='ltr'><strong>door</strong></span> <span class='ocrx_word' id='word_1_109' title='bbox 1245 1946 1285 2013; x_wconf 96' lang='lat' dir='ltr'><strong>de</strong></span> <span class='ocrx_word' id='word_1_110' title='bbox 1309 1945 1431 2032; x_wconf 85' lang='lat' dir='ltr'><strong>godge·</strong></span> 
     </span>
     <span class='ocr_line' id='line_1_15' title="bbox 238 2048 1432 2138; baseline -0.005 -17"><span class='ocrx_word' id='word_1_111' title='bbox 238 2052 339 2127; x_wconf 84' lang='lat' dir='ltr'><strong>leorden</strong></span> <span class='ocrx_word' id='word_1_112' title='bbox 355 2052 414 2119; x_wconf 89' lang='lat' dir='ltr'><strong>der</strong></span> <span class='ocrx_word' id='word_1_113' title='bbox 430 2050 598 2138; x_wconf 87' lang='lat' dir='ltr'><strong>Parijsche</strong></span> <span class='ocrx_word' id='word_1_114' title='bbox 616 2049 854 2135; x_wconf 85' lang='lat' dir='ltr'><strong>Hoogescbool.</strong></span> <span class='ocrx_word' id='word_1_115' title='bbox 873 2086 913 2097; x_wconf 93' lang='lat'>-</span> <span class='ocrx_word' id='word_1_116' title='bbox 930 2050 985 2115; x_wconf 86' lang='lat' dir='ltr'><strong>Die</strong></span> <span class='ocrx_word' id='word_1_117' title='bbox 1001 2048 1250 2136; x_wconf 85' lang='lat' dir='ltr'><strong>godgeleerden,</strong></span> <span class='ocrx_word' id='word_1_118' title='bbox 1279 2069 1432 2116; x_wconf 83' lang='lat' dir='ltr'><strong>waaron-</strong></span> 
     </span>
     <span class='ocr_line' id='line_1_16' title="bbox 236 2150 1424 2237; baseline -0.004 -14"><span class='ocrx_word' id='word_1_119' title='bbox 236 2156 350 2224; x_wconf 78' lang='lat' dir='ltr'><strong>derrich</strong></span> <span class='ocrx_word' id='word_1_120' title='bbox 366 2176 428 2222; x_wconf 89' lang='lat' dir='ltr'><strong>een</strong></span> <span class='ocrx_word' id='word_1_121' title='bbox 454 2152 627 2221; x_wconf 84' lang='lat' dir='ltr'><strong>kanunnik</strong></span> <span class='ocrx_word' id='word_1_122' title='bbox 648 2153 817 2220; x_wconf 76' lang='lat' dir='ltr'><strong>iohannes</strong></span> <span class='ocrx_word' id='word_1_123' title='bbox 833 2151 872 2219; x_wconf 93' lang='lat' dir='ltr'><strong>de</strong></span> <span class='ocrx_word' id='word_1_124' title='bbox 889 2150 1045 2220; x_wconf 82' lang='lat' dir='ltr'><strong>Gendevo</strong></span> <span class='ocrx_word' id='word_1_125' title='bbox 1062 2154 1141 2237; x_wconf 83' lang='lat' dir='ltr'><strong>(van</strong></span> <span class='ocrx_word' id='word_1_126' title='bbox 1156 2152 1258 2235; x_wconf 85' lang='lat' dir='ltr'><strong>Gent)</strong></span> <span class='ocrx_word' id='word_1_127' title='bbox 1285 2150 1424 2227; x_wconf 79' lang='lat' dir='ltr'><strong>bevond</strong></span> 
     </span>
     <span class='ocr_line' id='line_1_17' title="bbox 238 2255 1427 2345; baseline -0.003 -20"><span class='ocrx_word' id='word_1_128' title='bbox 238 2261 396 2339; x_wconf 79' lang='lat' dir='ltr'><strong>rerlleren,</strong></span> <span class='ocrx_word' id='word_1_129' title='bbox 415 2259 472 2327; x_wconf 85' lang='lat' dir='ltr'><strong>dat</strong></span> <span class='ocrx_word' id='word_1_130' title='bbox 488 2259 527 2345; x_wconf 89' lang='lat' dir='ltr'><strong>zij</strong></span> <span class='ocrx_word' id='word_1_131' title='bbox 547 2258 578 2324; x_wconf 89' lang='lat' dir='ltr'><strong>in</strong></span> <span class='ocrx_word' id='word_1_132' title='bbox 598 2257 638 2324; x_wconf 92' lang='lat' dir='ltr'><strong>de</strong></span> <span class='ocrx_word' id='word_1_133' title='bbox 655 2257 738 2323; x_wconf 86' lang='lat' dir='ltr'><strong>kerk</strong></span> <span class='ocrx_word' id='word_1_134' title='bbox 766 2277 831 2326; x_wconf 85' lang='lat' dir='ltr'><strong>van</strong></span> <span class='ocrx_word' id='word_1_135' title='bbox 859 2256 1123 2327; x_wconf 85' lang='lat' dir='ltr'><strong>St-Methurinue</strong></span> <span class='ocrx_word' id='word_1_136' title='bbox 1140 2263 1172 2324; x_wconf 91' lang='lat' dir='ltr'><strong>te</strong></span> <span class='ocrx_word' id='word_1_137' title='bbox 1188 2255 1295 2345; x_wconf 88' lang='lat' dir='ltr'><strong>Parije</strong></span> <span class='ocrx_word' id='word_1_138' title='bbox 1311 2276 1427 2343; x_wconf 85' lang='lat' dir='ltr'><strong>verga-</strong></span> 
     </span>
     <span class='ocr_line' id='line_1_18' title="bbox 237 2347 1429 2446; baseline -0.003 -16"><span class='ocrx_word' id='word_1_139' title='bbox 237 2363 329 2430; x_wconf 85' lang='lat' dir='ltr'><strong>derden</strong></span> <span class='ocrx_word' id='word_1_140' title='bbox 345 2362 457 2431; x_wconf 85' lang='lat' dir='ltr'><strong>endat</strong></span> <span class='ocrx_word' id='word_1_141' title='bbox 474 2360 642 2429; x_wconf 80' lang='lat' dir='ltr'><strong>aldearde</strong></span> <span class='ocrx_word' id='word_1_142' title='bbox 674 2347 868 2445; x_wconf 87' lang='lat' dir='ltr'><strong>inquisiteur</strong></span> <span class='ocrx_word' id='word_1_143' title='bbox 894 2360 962 2426; x_wconf 92' lang='lat' dir='ltr'><strong>hun</strong></span> <span class='ocrx_word' id='word_1_144' title='bbox 987 2360 1116 2427; x_wconf 92' lang='lat' dir='ltr'><strong>oordeel</strong></span> <span class='ocrx_word' id='word_1_145' title='bbox 1148 2361 1253 2446; x_wconf 90' lang='lat' dir='ltr'><strong>inriep</strong></span> <span class='ocrx_word' id='word_1_146' title='bbox 1280 2379 1358 2425; x_wconf 83' lang='lat' dir='ltr'><strong>over</strong></span> <span class='ocrx_word' id='word_1_147' title='bbox 1371 2360 1429 2426; x_wconf 89' lang='lat' dir='ltr'><strong>het</strong></span> 
     </span>
     <span class='ocr_line' id='line_1_19' title="bbox 234 2462 1430 2552; baseline 0 -24"><span class='ocrx_word' id='word_1_148' title='bbox 234 2465 361 2533; x_wconf 77' lang='lat' dir='ltr'><strong>redooht</strong></span> <span class='ocrx_word' id='word_1_149' title='bbox 382 2463 555 2552; x_wconf 85' lang='lat' dir='ltr'><strong>geeehrift,</strong></span> <span class='ocrx_word' id='word_1_150' title='bbox 584 2464 640 2530; x_wconf 88' lang='lat' dir='ltr'><strong>dat</strong></span> <span class='ocrx_word' id='word_1_151' title='bbox 665 2463 710 2550; x_wconf 90' lang='lat' dir='ltr'><strong>hij</strong></span> <span class='ocrx_word' id='word_1_152' title='bbox 739 2463 808 2530; x_wconf 92' lang='lat' dir='ltr'><strong>hun</strong></span> <span class='ocrx_word' id='word_1_153' title='bbox 837 2463 956 2530; x_wconf 90' lang='lat' dir='ltr'><strong>toonde</strong></span> <span class='ocrx_word' id='word_1_154' title='bbox 983 2485 1024 2529; x_wconf 91' lang='lat' dir='ltr'><strong>en</strong></span> <span class='ocrx_word' id='word_1_155' title='bbox 1053 2463 1194 2529; x_wconf 87' lang='lat' dir='ltr'><strong>waaruit</strong></span> <span class='ocrx_word' id='word_1_156' title='bbox 1217 2462 1333 2529; x_wconf 90' lang='lat' dir='ltr'><strong>enkele</strong></span> <span class='ocrx_word' id='word_1_157' title='bbox 1357 2462 1430 2528; x_wconf 89' lang='lat' dir='ltr'><strong>ket·</strong></span> 
     </span>
     <span class='ocr_line' id='line_1_20' title="bbox 233 2564 1429 2656; baseline -0.004 -21"><span class='ocrx_word' id='word_1_158' title='bbox 233 2569 322 2656; x_wconf 85' lang='lat' dir='ltr'><strong>torijen</strong></span> <span class='ocrx_word' id='word_1_159' title='bbox 346 2589 460 2635; x_wconf 86' lang='lat' dir='ltr'><strong>waren</strong></span> <span class='ocrx_word' id='word_1_160' title='bbox 477 2566 730 2654; x_wconf 86' lang='lat' dir='ltr'><strong>aangeteekend</strong></span> <span class='ocrx_word' id='word_1_161' title='bbox 746 2565 937 2652; x_wconf 86' lang='lat' dir='ltr'><strong>geworden.</strong></span> <span class='ocrx_word' id='word_1_162' title='bbox 956 2567 1002 2632; x_wconf 88' lang='lat' dir='ltr'><strong>De</strong></span> <span class='ocrx_word' id='word_1_163' title='bbox 1018 2572 1126 2632; x_wconf 86' lang='lat' dir='ltr'><strong>eerste</strong></span> <span class='ocrx_word' id='word_1_164' title='bbox 1149 2587 1190 2633; x_wconf 88' lang='lat' dir='ltr'><strong>en</strong></span> <span class='ocrx_word' id='word_1_165' title='bbox 1204 2567 1243 2633; x_wconf 92' lang='lat' dir='ltr'><strong>de</strong></span> <span class='ocrx_word' id='word_1_166' title='bbox 1262 2564 1429 2652; x_wconf 87' lang='lat' dir='ltr'><strong>vijltiende</strong></span> 
     </span>
     <span class='ocr_line' id='line_1_21' title="bbox 232 2668 1429 2760; baseline -0.004 -22"><span class='ocrx_word' id='word_1_167' title='bbox 232 2671 336 2760; x_wconf 85' lang='lat' dir='ltr'><strong>lotterij</strong></span> <span class='ocrx_word' id='word_1_168' title='bbox 354 2671 490 2739; x_wconf 81' lang='lat' dir='ltr'><strong>worden</strong></span> <span class='ocrx_word' id='word_1_169' title='bbox 507 2672 633 2739; x_wconf 87' lang='lat' dir='ltr'><strong>daarna</strong></span> <span class='ocrx_word' id='word_1_170' title='bbox 651 2687 853 2756; x_wconf 85' lang='lat' dir='ltr'><strong>opgegeven.</strong></span> <span class='ocrx_word' id='word_1_171' title='bbox 872 2669 1036 2755; x_wconf 77' lang='lat' dir='ltr'><strong>Eenparig</strong></span> <span class='ocrx_word' id='word_1_172' title='bbox 1052 2690 1165 2736; x_wconf 87' lang='lat' dir='ltr'><strong>waren</strong></span> <span class='ocrx_word' id='word_1_173' title='bbox 1182 2669 1222 2735; x_wconf 91' lang='lat' dir='ltr'><strong>de</strong></span> <span class='ocrx_word' id='word_1_174' title='bbox 1235 2668 1429 2758; x_wconf 78' lang='lat' dir='ltr'><strong>godgeleer·</strong></span> 
     </span>
     <span class='ocr_line' id='line_1_22' title="bbox 232 2770 1430 2865; baseline -0.005 -23"><span class='ocrx_word' id='word_1_175' title='bbox 232 2778 275 2844; x_wconf 89' lang='lat' dir='ltr'><strong>den</strong></span> <span class='ocrx_word' id='word_1_176' title='bbox 287 2799 343 2846; x_wconf 84' lang='lat' dir='ltr'><strong>van</strong></span> <span class='ocrx_word' id='word_1_177' title='bbox 355 2779 527 2865; x_wconf 84' lang='lat' dir='ltr'><strong>gevoelen.</strong></span> <span class='ocrx_word' id='word_1_178' title='bbox 538 2775 594 2842; x_wconf 88' lang='lat' dir='ltr'><strong>dat</strong></span> <span class='ocrx_word' id='word_1_179' title='bbox 612 2792 687 2839; x_wconf 90' lang='lat' dir='ltr'><strong>men</strong></span> <span class='ocrx_word' id='word_1_180' title='bbox 703 2771 766 2837; x_wconf 87' lang='lat' dir='ltr'><strong>wel</strong></span> <span class='ocrx_word' id='word_1_181' title='bbox 780 2771 923 2858; x_wconf 84' lang='lat' dir='ltr'><strong>degelijk</strong></span> <span class='ocrx_word' id='word_1_182' title='bbox 937 2781 1004 2837; x_wconf 89' lang='lat' dir='ltr'><strong>met</strong></span> <span class='ocrx_word' id='word_1_183' title='bbox 1015 2792 1075 2838; x_wconf 92' lang='lat' dir='ltr'><strong>een</strong></span> <span class='ocrx_word' id='word_1_184' title='bbox 1088 2771 1254 2838; x_wconf 87' lang='lat' dir='ltr'><strong>kettersoh</strong></span> <span class='ocrx_word' id='word_1_185' title='bbox 1270 2770 1430 2858; x_wconf 87' lang='lat' dir='ltr'><strong>geschrift</strong></span> 
     </span>
     <span class='ocr_line' id='line_1_23' title="bbox 233 2873 1173 2961; baseline -0.006 -13"><span class='ocrx_word' id='word_1_186' title='bbox 233 2881 332 2948; x_wconf 84' lang='lat' dir='ltr'><strong>todoen</strong></span> <span class='ocrx_word' id='word_1_187' title='bbox 348 2881 414 2947; x_wconf 87' lang='lat' dir='ltr'><strong>had</strong></span> <span class='ocrx_word' id='word_1_188' title='bbox 437 2902 478 2948; x_wconf 89' lang='lat' dir='ltr'><strong>en</strong></span> <span class='ocrx_word' id='word_1_189' title='bbox 496 2880 553 2947; x_wconf 87' lang='lat' dir='ltr'><strong>det</strong></span> <span class='ocrx_word' id='word_1_190' title='bbox 567 2879 624 2944; x_wconf 92' lang='lat' dir='ltr'><strong>het</strong></span> <span class='ocrx_word' id='word_1_191' title='bbox 640 2875 757 2943; x_wconf 77' lang='lat' dir='ltr'><strong>diendo</strong></span> <span class='ocrx_word' id='word_1_192' title='bbox 775 2873 959 2961; x_wconf 81' lang='lat' dir='ltr'><strong>vernietigd</strong></span> <span class='ocrx_word' id='word_1_193' title='bbox 974 2881 1008 2941; x_wconf 92' lang='lat' dir='ltr'><strong>te</strong></span> <span class='ocrx_word' id='word_1_194' title='bbox 1025 2875 1173 2942; x_wconf 82' lang='lat' dir='ltr'><strong>worden.</strong></span> 
     </span>
    </p>
   </div>
   <div class='ocr_carea' id='block_1_5' title="bbox 253 3032 1431 3192">
    <p class='ocr_par' dir='ltr' id='par_1_5' title="bbox 253 3032 1431 3192">
     <span class='ocr_line' id='line_1_24' title="bbox 253 3032 632 3096; baseline -0.003 -11"><span class='ocrx_word' id='word_1_195' title='bbox 253 3032 278 3085; x_wconf 96' lang='lat' dir='ltr'><strong>In</strong></span> <span class='ocrx_word' id='word_1_196' title='bbox 288 3032 389 3085; x_wconf 80' lang='lat' dir='ltr'>Christi</span> <span class='ocrx_word' id='word_1_197' title='bbox 402 3034 525 3096; x_wconf 88' lang='lat' dir='ltr'><strong>nomine,</strong></span> <span class='ocrx_word' id='word_1_198' title='bbox 539 3046 632 3086; x_wconf 83' lang='lat' dir='ltr'><strong>amen.</strong></span> 
     </span>
     <span class='ocr_line' id='line_1_25' title="bbox 253 3112 1431 3192; baseline -0.003 -23"><span class='ocrx_word' id='word_1_199' title='bbox 253 3116 298 3168; x_wconf 84' lang='lat' dir='ltr'><strong>Por</strong></span> <span class='ocrx_word' id='word_1_200' title='bbox 306 3129 440 3182; x_wconf 80' lang='lat' dir='ltr'><strong>praesens</strong></span> <span class='ocrx_word' id='word_1_201' title='bbox 451 3116 596 3183; x_wconf 88' lang='lat' dir='ltr'><strong>publicum</strong></span> <span class='ocrx_word' id='word_1_202' title='bbox 608 3116 831 3192; x_wconf 74' lang='lat' dir='ltr'><strong>instrumentum</strong></span> <span class='ocrx_word' id='word_1_203' title='bbox 842 3115 937 3178; x_wconf 88' lang='lat' dir='ltr'><strong>pateat</strong></span> <span class='ocrx_word' id='word_1_204' title='bbox 948 3113 1097 3175; x_wconf 85' lang='lat' dir='ltr'><strong>universis,</strong></span> <span class='ocrx_word' id='word_1_205' title='bbox 1107 3113 1192 3178; x_wconf 90' lang='lat' dir='ltr'><strong>quod,</strong></span> <span class='ocrx_word' id='word_1_206' title='bbox 1203 3112 1233 3164; x_wconf 96' lang='lat' dir='ltr'><strong>in</strong></span> <span class='ocrx_word' id='word_1_207' title='bbox 1242 3116 1340 3165; x_wconf 91' lang='lat' dir='ltr'><strong>nostra</strong></span> <span class='ocrx_word' id='word_1_208' title='bbox 1352 3115 1431 3165; x_wconf 87' lang='lat' dir='ltr'><strong>nota·</strong></span> 
     </span>
    </p>
   </div>
   <div class='ocr_carea' id='block_1_6' title="bbox 226 3196 1431 3590">
    <p class='ocr_par' dir='ltr' id='par_1_6' title="bbox 226 3196 1431 3590">
     <span class='ocr_line' id='line_1_26' title="bbox 230 3196 1429 3264; baseline 0 -16"><span class='ocrx_word' id='word_1_209' title='bbox 230 3199 312 3249; x_wconf 83' lang='lat' dir='ltr'><strong>norom</strong></span> <span class='ocrx_word' id='word_1_210' title='bbox 323 3198 572 3264; x_wconf 73' lang='lat' dir='ltr'><strong>infrascriptorum</strong></span> <span class='ocrx_word' id='word_1_211' title='bbox 583 3197 736 3262; x_wconf 86' lang='lat' dir='ltr'><strong>presentia,</strong></span> <span class='ocrx_word' id='word_1_212' title='bbox 751 3196 825 3262; x_wconf 85' lang='lat' dir='ltr'><strong>apud</strong></span> <span class='ocrx_word' id='word_1_213' title='bbox 837 3198 965 3247; x_wconf 86' lang='lat' dir='ltr'><strong>sanctum</strong></span> <span class='ocrx_word' id='word_1_214' title='bbox 983 3196 1157 3248; x_wconf 90' lang='lat' dir='ltr'><strong>Maturinum</strong></span> <span class='ocrx_word' id='word_1_215' title='bbox 1175 3196 1429 3262; x_wconf 86' lang='lat' dir='ltr'><strong>Parisiuscongre·</strong></span> 
     </span>
     <span class='ocr_line' id='line_1_27' title="bbox 229 3277 1428 3345; baseline -0.002 -14"><span class='ocrx_word' id='word_1_216' title='bbox 229 3281 283 3345; x_wconf 82' lang='lat' dir='ltr'><strong>gatis</strong></span> <span class='ocrx_word' id='word_1_217' title='bbox 306 3281 341 3332; x_wconf 87' lang='lat' dir='ltr'><strong>ad</strong></span> <span class='ocrx_word' id='word_1_218' title='bbox 361 3281 526 3333; x_wconf 89' lang='lat' dir='ltr'><strong>mandatum</strong></span> <span class='ocrx_word' id='word_1_219' title='bbox 551 3294 600 3331; x_wconf 90' lang='lat' dir='ltr'><strong>seu</strong></span> <span class='ocrx_word' id='word_1_220' title='bbox 626 3281 788 3343; x_wconf 77' lang='lat' dir='ltr'><strong>requestam</strong></span> <span class='ocrx_word' id='word_1_221' title='bbox 810 3277 940 3344; x_wconf 78' lang='lat' dir='ltr'><strong>religiosi</strong></span> <span class='ocrx_word' id='word_1_222' title='bbox 962 3278 1017 3329; x_wconf 84' lang='lat' dir='ltr'><strong>viri</strong></span> <span class='ocrx_word' id='word_1_223' title='bbox 1038 3279 1136 3330; x_wconf 73' lang='lat' dir='ltr'><strong>fratris</strong></span> <span class='ocrx_word' id='word_1_224' title='bbox 1166 3279 1198 3330; x_wconf 84' lang='lat' dir='ltr'><strong>G.</strong></span> <span class='ocrx_word' id='word_1_225' title='bbox 1230 3280 1265 3329; x_wconf 93' lang='lat' dir='ltr'><strong>de</strong></span> <span class='ocrx_word' id='word_1_226' title='bbox 1290 3279 1428 3340; x_wconf 86' lang='lat' dir='ltr'><strong>Parisius,</strong></span> 
     </span>
     <span class='ocr_line' id='line_1_28' title="bbox 229 3360 1428 3428; baseline -0.002 -15"><span class='ocrx_word' id='word_1_227' title='bbox 229 3363 379 3427; x_wconf 79' lang='lat' dir='ltr'><strong>inquisitoris</strong></span> <span class='ocrx_word' id='word_1_228' title='bbox 391 3363 520 3415; x_wconf 82' lang='lat' dir='ltr'><strong>heretice</strong></span> <span class='ocrx_word' id='word_1_229' title='bbox 531 3363 679 3428; x_wconf 86' lang='lat' dir='ltr'><strong>pravitatis</strong></span> <span class='ocrx_word' id='word_1_230' title='bbox 695 3362 726 3413; x_wconf 91' lang='lat' dir='ltr'><strong>in</strong></span> <span class='ocrx_word' id='word_1_231' title='bbox 741 3374 830 3427; x_wconf 90' lang='lat' dir='ltr'><strong>regno</strong></span> <span class='ocrx_word' id='word_1_232' title='bbox 850 3361 970 3413; x_wconf 81' lang='lat' dir='ltr'><strong>Francia</strong></span> <span class='ocrx_word' id='word_1_233' title='bbox 988 3361 1158 3413; x_wconf 86' lang='lat' dir='ltr'><strong>auctoritate</strong></span> <span class='ocrx_word' id='word_1_234' title='bbox 1175 3360 1332 3427; x_wconf 85' lang='lat' dir='ltr'><strong>apostolica</strong></span> <span class='ocrx_word' id='word_1_235' title='bbox 1343 3363 1428 3426; x_wconf 89' lang='lat' dir='ltr'><strong>depu-</strong></span> 
     </span>
     <span class='ocr_line' id='line_1_29' title="bbox 228 3443 1431 3511; baseline 0 -16"><span class='ocrx_word' id='word_1_236' title='bbox 228 3445 271 3508; x_wconf 78' lang='lat' dir='ltr'><strong>teti,</strong></span> <span class='ocrx_word' id='word_1_237' title='bbox 280 3445 383 3497; x_wconf 88' lang='lat' dir='ltr'><strong>ibidem</strong></span> <span class='ocrx_word' id='word_1_238' title='bbox 394 3445 562 3511; x_wconf 85' lang='lat' dir='ltr'><strong>praesentis,</strong></span> <span class='ocrx_word' id='word_1_239' title='bbox 572 3443 782 3496; x_wconf 87' lang='lat' dir='ltr'><strong>venerabilibus</strong></span> <span class='ocrx_word' id='word_1_240' title='bbox 794 3447 823 3495; x_wconf 89' lang='lat' dir='ltr'><strong>et</strong></span> <span class='ocrx_word' id='word_1_241' title='bbox 835 3444 966 3495; x_wconf 83' lang='lat' dir='ltr'><strong>discretis</strong></span> <span class='ocrx_word' id='word_1_242' title='bbox 977 3444 1046 3495; x_wconf 82' lang='lat' dir='ltr'><strong>viris</strong></span> <span class='ocrx_word' id='word_1_243' title='bbox 1059 3443 1182 3509; x_wconf 76' lang='lat' dir='ltr'><strong>symone</strong></span> <span class='ocrx_word' id='word_1_244' title='bbox 1191 3444 1307 3506; x_wconf 87' lang='lat' dir='ltr'><strong>decano,</strong></span> <span class='ocrx_word' id='word_1_245' title='bbox 1321 3443 1431 3495; x_wconf 87' lang='lat' dir='ltr'><strong>Thoma</strong></span> 
     </span>
     <span class='ocr_line' id='line_1_30' title="bbox 226 3525 1430 3590; baseline -0.002 -12"><span class='ocrx_word' id='word_1_246' title='bbox 226 3526 389 3590; x_wconf 79' lang='lat' dir='ltr'><strong>delielliaoo,</strong></span> <span class='ocrx_word' id='word_1_247' title='bbox 409 3527 561 3579; x_wconf 83' lang='lat' dir='ltr'><strong>Guillelmo</strong></span> <span class='ocrx_word' id='word_1_248' title='bbox 587 3525 742 3578; x_wconf 80' lang='lat' dir='ltr'><strong>Alexandri</strong></span> <span class='ocrx_word' id='word_1_249' title='bbox 768 3528 797 3577; x_wconf 86' lang='lat' dir='ltr'><strong>et</strong></span> <span class='ocrx_word' id='word_1_250' title='bbox 818 3525 950 3578; x_wconf 78' lang='lat' dir='ltr'><strong>iohanne</strong></span> <span class='ocrx_word' id='word_1_251' title='bbox 973 3526 1009 3578; x_wconf 91' lang='lat' dir='ltr'><strong>de</strong></span> <span class='ocrx_word' id='word_1_252' title='bbox 1028 3527 1170 3588; x_wconf 83' lang='lat' dir='ltr'><strong>Gendavo,</strong></span> <span class='ocrx_word' id='word_1_253' title='bbox 1190 3527 1333 3578; x_wconf 86' lang='lat' dir='ltr'><strong>canonicis</strong></span> <span class='ocrx_word' id='word_1_254' title='bbox 1351 3526 1430 3578; x_wconf 87' lang='lat' dir='ltr'><strong>Peri-</strong></span> 
     </span>
    </p>
   </div>
   <div class='ocr_carea' id='block_1_7' title="bbox 225 3608 1539 3675">
    <p class='ocr_par' dir='ltr' id='par_1_7' title="bbox 225 3608 1539 3675">
     <span class='ocr_line' id='line_1_31' title="bbox 225 3608 1539 3675; baseline 0 -15"><span class='ocrx_word' id='word_1_255' title='bbox 225 3609 350 3671; x_wconf 78' lang='lat' dir='ltr'><strong>domibus,</strong></span> <span class='ocrx_word' id='word_1_256' title='bbox 364 3610 455 3662; x_wconf 88' lang='lat' dir='ltr'><strong>Petro</strong></span> <span class='ocrx_word' id='word_1_257' title='bbox 465 3610 501 3662; x_wconf 92' lang='lat' dir='ltr'><strong>de</strong></span> <span class='ocrx_word' id='word_1_258' title='bbox 512 3609 614 3662; x_wconf 88' lang='lat' dir='ltr'><strong>Sancto</strong></span> <span class='ocrx_word' id='word_1_259' title='bbox 627 3608 773 3675; x_wconf 87' lang='lat' dir='ltr'><strong>Dyonisio,</strong></span> <span class='ocrx_word' id='word_1_260' title='bbox 786 3609 912 3660; x_wconf 83' lang='lat' dir='ltr'><strong>Gerardo</strong></span> <span class='ocrx_word' id='word_1_261' title='bbox 921 3609 956 3660; x_wconf 89' lang='lat' dir='ltr'><strong>de</strong></span> <span class='ocrx_word' id='word_1_262' title='bbox 966 3608 1068 3661; x_wconf 82' lang='lat' dir='ltr'><strong>Sancto</strong></span> <span class='ocrx_word' id='word_1_263' title='bbox 1080 3608 1202 3671; x_wconf 87' lang='lat' dir='ltr'><strong>Victore,</strong></span> <span class='ocrx_word' id='word_1_264' title='bbox 1209 3609 1228 3660; x_wconf 78' lang='lat' dir='ltr'>J</span> <span class='ocrx_word' id='word_1_265' title='bbox 1230 3610 1318 3661; x_wconf 88' lang='lat' dir='ltr'><strong>aeobo</strong></span> <span class='ocrx_word' id='word_1_266' title='bbox 1329 3609 1430 3660; x_wconf 80' lang='lat' dir='ltr'><strong>abbate</strong></span> <span class='ocrx_word' id='word_1_267' title='bbox 1538 3618 1539 3621; x_wconf 73' lang='grc'>’</span> 
     </span>
    </p>
   </div>
   <div class='ocr_carea' id='block_1_8' title="bbox 194 3691 1430 4667">
    <p class='ocr_par' dir='ltr' id='par_1_8' title="bbox 203 3691 1430 4415">
     <span class='ocr_line' id='line_1_32' title="bbox 224 3691 1430 3759; baseline 0 -15"><span class='ocrx_word' id='word_1_268' title='bbox 224 3691 362 3755; x_wconf 80' lang='lat' dir='ltr'><strong>Gamliloci,</strong></span> <span class='ocrx_word' id='word_1_269' title='bbox 375 3693 503 3745; x_wconf 82' lang='lat' dir='ltr'><strong>Gerardo</strong></span> <span class='ocrx_word' id='word_1_270' title='bbox 523 3691 684 3755; x_wconf 83' lang='lat' dir='ltr'><strong>carmelita,</strong></span> <span class='ocrx_word' id='word_1_271' title='bbox 696 3692 829 3744; x_wconf 74' lang='lat' dir='ltr'><strong>iohanne</strong></span> <span class='ocrx_word' id='word_1_272' title='bbox 840 3692 875 3744; x_wconf 91' lang='lat' dir='ltr'><strong>de</strong></span> <span class='ocrx_word' id='word_1_273' title='bbox 888 3692 1037 3755; x_wconf 85' lang='lat' dir='ltr'><strong>Poilliaco,</strong></span> <span class='ocrx_word' id='word_1_274' title='bbox 1057 3693 1214 3745; x_wconf 90' lang='lat' dir='ltr'><strong>Laurencio</strong></span> <span class='ocrx_word' id='word_1_275' title='bbox 1226 3695 1323 3759; x_wconf 87' lang='lat' dir='ltr'><strong>priore</strong></span> <span class='ocrx_word' id='word_1_276' title='bbox 1340 3692 1430 3747; x_wconf 88' lang='lat' dir='ltr'><strong>Vallis</strong></span> 
     </span>
     <span class='ocr_line' id='line_1_33' title="bbox 223 3772 1429 3841; baseline 0.001 -15"><span class='ocrx_word' id='word_1_277' title='bbox 223 3772 371 3837; x_wconf 78' lang='lat' dir='ltr'><strong>Soolarium,</strong></span> <span class='ocrx_word' id='word_1_278' title='bbox 383 3775 546 3828; x_wconf 83' lang='lat' dir='ltr'><strong>Alexandro</strong></span> <span class='ocrx_word' id='word_1_279' title='bbox 560 3774 647 3828; x_wconf 86' lang='lat' dir='ltr'><strong>Henr.</strong></span> <span class='ocrx_word' id='word_1_280' title='bbox 663 3775 820 3826; x_wconf 83' lang='lat' dir='ltr'><strong>Teutonico</strong></span> <span class='ocrx_word' id='word_1_281' title='bbox 833 3778 862 3826; x_wconf 90' lang='lat' dir='ltr'><strong>et</strong></span> <span class='ocrx_word' id='word_1_282' title='bbox 872 3775 1010 3841; x_wconf 81' lang='lat' dir='ltr'><strong>Gregorio</strong></span> <span class='ocrx_word' id='word_1_283' title='bbox 1023 3777 1058 3827; x_wconf 89' lang='lat' dir='ltr'><strong>de</strong></span> <span class='ocrx_word' id='word_1_284' title='bbox 1076 3776 1162 3838; x_wconf 88' lang='lat' dir='ltr'><strong>Luca,</strong></span> <span class='ocrx_word' id='word_1_285' title='bbox 1181 3777 1289 3828; x_wconf 81' lang='lat' dir='ltr'><strong>ordinis</strong></span> <span class='ocrx_word' id='word_1_286' title='bbox 1307 3776 1429 3829; x_wconf 91' lang='lat' dir='ltr'><strong>heremi·</strong></span> 
     </span>
     <span class='ocr_line' id='line_1_34' title="bbox 218 3856 1427 3923; baseline 0.002 -16"><span class='ocrx_word' id='word_1_287' title='bbox 218 3856 293 3907; x_wconf 82' lang='lat' dir='ltr'><strong>larum</strong></span> <span class='ocrx_word' id='word_1_288' title='bbox 303 3856 401 3908; x_wconf 83' lang='lat' dir='ltr'><strong>Sancti</strong></span> <span class='ocrx_word' id='word_1_289' title='bbox 412 3858 582 3922; x_wconf 78' lang='lat' dir='ltr'><strong>Augustini,</strong></span> <span class='ocrx_word' id='word_1_290' title='bbox 593 3856 725 3908; x_wconf 72' lang='lat' dir='ltr'><strong>iohanne</strong></span> <span class='ocrx_word' id='word_1_291' title='bbox 734 3857 770 3908; x_wconf 89' lang='lat' dir='ltr'><strong>de</strong></span> <span class='ocrx_word' id='word_1_292' title='bbox 782 3856 879 3908; x_wconf 83' lang='lat' dir='ltr'><strong>Monte</strong></span> <span class='ocrx_word' id='word_1_293' title='bbox 890 3856 986 3909; x_wconf 83' lang='lat' dir='ltr'><strong>Sancti</strong></span> <span class='ocrx_word' id='word_1_294' title='bbox 999 3856 1098 3923; x_wconf 79' lang='lat' dir='ltr'><strong>Eligit,</strong></span> <span class='ocrx_word' id='word_1_295' title='bbox 1113 3856 1264 3923; x_wconf 87' lang='lat' dir='ltr'><strong>Radulpho</strong></span> <span class='ocrx_word' id='word_1_296' title='bbox 1277 3859 1313 3910; x_wconf 91' lang='lat' dir='ltr'><strong>de</strong></span> <span class='ocrx_word' id='word_1_297' title='bbox 1322 3858 1427 3922; x_wconf 84' lang='lat' dir='ltr'><strong>Hoitot,</strong></span> 
     </span>
     <span class='ocr_line' id='line_1_35' title="bbox 215 3937 1430 4004; baseline 0.004 -15"><span class='ocrx_word' id='word_1_298' title='bbox 215 3937 383 4004; x_wconf 74' lang='lat' dir='ltr'><strong>berengario,</strong></span> <span class='ocrx_word' id='word_1_299' title='bbox 398 3939 506 3990; x_wconf 81' lang='lat' dir='ltr'><strong>ordinis</strong></span> <span class='ocrx_word' id='word_1_300' title='bbox 525 3939 747 4004; x_wconf 87' lang='lat' dir='ltr'><strong>predicatorum,</strong></span> <span class='ocrx_word' id='word_1_301' title='bbox 759 3938 890 3991; x_wconf 76' lang='lat' dir='ltr'><strong>iohanne</strong></span> <span class='ocrx_word' id='word_1_302' title='bbox 902 3941 937 3991; x_wconf 87' lang='lat' dir='ltr'><strong>de</strong></span> <span class='ocrx_word' id='word_1_303' title='bbox 949 3939 1164 4002; x_wconf 85' lang='lat' dir='ltr'><strong>Glaromarisco,</strong></span> <span class='ocrx_word' id='word_1_304' title='bbox 1178 3940 1296 3992; x_wconf 88' lang='lat' dir='ltr'><strong>Nicolao</strong></span> <span class='ocrx_word' id='word_1_305' title='bbox 1314 3942 1349 3994; x_wconf 90' lang='lat' dir='ltr'><strong>de</strong></span> <span class='ocrx_word' id='word_1_306' title='bbox 1362 3943 1430 3994; x_wconf 88' lang='lat' dir='ltr'><strong>Lira</strong></span> 
     </span>
     <span class='ocr_line' id='line_1_36' title="bbox 215 4019 1428 4089; baseline 0.002 -17"><span class='ocrx_word' id='word_1_307' title='bbox 215 4022 238 4072; x_wconf 87' lang='lat' dir='ltr'><strong>et</strong></span> <span class='ocrx_word' id='word_1_308' title='bbox 253 4019 356 4072; x_wconf 83' lang='lat' dir='ltr'><strong>Jacobo</strong></span> <span class='ocrx_word' id='word_1_309' title='bbox 369 4021 405 4073; x_wconf 92' lang='lat' dir='ltr'><strong>de</strong></span> <span class='ocrx_word' id='word_1_310' title='bbox 428 4020 568 4085; x_wconf 88' lang='lat' dir='ltr'><strong>Esquillo,</strong></span> <span class='ocrx_word' id='word_1_311' title='bbox 588 4021 697 4073; x_wconf 85' lang='lat' dir='ltr'><strong>ordinis</strong></span> <span class='ocrx_word' id='word_1_312' title='bbox 718 4023 869 4084; x_wconf 92' lang='lat' dir='ltr'><strong>minorum,</strong></span> <span class='ocrx_word' id='word_1_313' title='bbox 886 4021 994 4074; x_wconf 81' lang='lat' dir='ltr'><strong>Jacobo</strong></span> <span class='ocrx_word' id='word_1_314' title='bbox 1012 4022 1079 4074; x_wconf 83' lang='lat' dir='ltr'><strong>cist.</strong></span> <span class='ocrx_word' id='word_1_315' title='bbox 1093 4025 1122 4074; x_wconf 92' lang='lat' dir='ltr'><strong>et</strong></span> <span class='ocrx_word' id='word_1_316' title='bbox 1134 4022 1251 4089; x_wconf 83' lang='lat' dir='ltr'><strong>Rogoro</strong></span> <span class='ocrx_word' id='word_1_317' title='bbox 1264 4025 1299 4075; x_wconf 89' lang='lat' dir='ltr'><strong>de</strong></span> <span class='ocrx_word' id='word_1_318' title='bbox 1311 4024 1428 4086; x_wconf 88' lang='lat' dir='ltr'><strong>Roseto,</strong></span> 
     </span>
     <span class='ocr_line' id='line_1_37' title="bbox 212 4102 1429 4170; baseline 0.002 -16"><span class='ocrx_word' id='word_1_319' title='bbox 212 4102 345 4169; x_wconf 80' lang='lat' dir='ltr'><strong>magistris</strong></span> <span class='ocrx_word' id='word_1_320' title='bbox 355 4104 385 4154; x_wconf 93' lang='lat' dir='ltr'><strong>in</strong></span> <span class='ocrx_word' id='word_1_321' title='bbox 396 4102 555 4169; x_wconf 89' lang='lat' dir='ltr'><strong>theologia,</strong></span> <span class='ocrx_word' id='word_1_322' title='bbox 574 4105 603 4154; x_wconf 93' lang='lat' dir='ltr'><strong>in</strong></span> <span class='ocrx_word' id='word_1_323' title='bbox 616 4105 717 4156; x_wconf 83' lang='lat' dir='ltr'><strong>eodem</strong></span> <span class='ocrx_word' id='word_1_324' title='bbox 736 4103 799 4155; x_wconf 89' lang='lat' dir='ltr'><strong>loeo</strong></span> <span class='ocrx_word' id='word_1_325' title='bbox 810 4105 1002 4170; x_wconf 89' lang='lat' dir='ltr'><strong>congregatis,</strong></span> <span class='ocrx_word' id='word_1_326' title='bbox 1015 4106 1092 4157; x_wconf 90' lang='lat' dir='ltr'><strong>idem</strong></span> <span class='ocrx_word' id='word_1_327' title='bbox 1111 4106 1264 4169; x_wconf 90' lang='lat' dir='ltr'><strong>inquisitor</strong></span> <span class='ocrx_word' id='word_1_328' title='bbox 1276 4107 1310 4157; x_wconf 90' lang='lat' dir='ltr'><strong>ab</strong></span> <span class='ocrx_word' id='word_1_329' title='bbox 1323 4107 1429 4158; x_wconf 83' lang='lat' dir='ltr'><strong>eisdem</strong></span> 
     </span>
     <span class='ocr_line' id='line_1_38' title="bbox 209 4184 1428 4253; baseline 0.002 -16"><span class='ocrx_word' id='word_1_330' title='bbox 209 4187 345 4251; x_wconf 84' lang='lat' dir='ltr'><strong>magistris</strong></span> <span class='ocrx_word' id='word_1_331' title='bbox 356 4184 509 4237; x_wconf 89' lang='lat' dir='ltr'><strong>consilium</strong></span> <span class='ocrx_word' id='word_1_332' title='bbox 521 4185 675 4250; x_wconf 85' lang='lat' dir='ltr'><strong>postulavit</strong></span> <span class='ocrx_word' id='word_1_333' title='bbox 686 4187 754 4251; x_wconf 90' lang='lat' dir='ltr'><strong>quid</strong></span> <span class='ocrx_word' id='word_1_334' title='bbox 764 4189 838 4239; x_wconf 90' lang='lat' dir='ltr'><strong>esset</strong></span> <span class='ocrx_word' id='word_1_335' title='bbox 849 4188 1011 4239; x_wconf 85' lang='lat' dir='ltr'><strong>laciendum</strong></span> <span class='ocrx_word' id='word_1_336' title='bbox 1024 4188 1059 4239; x_wconf 94' lang='lat' dir='ltr'><strong>de</strong></span> <span class='ocrx_word' id='word_1_337' title='bbox 1071 4188 1192 4251; x_wconf 87' lang='lat' dir='ltr'><strong>quodam</strong></span> <span class='ocrx_word' id='word_1_338' title='bbox 1205 4187 1279 4239; x_wconf 92' lang='lat' dir='ltr'><strong>libro</strong></span> <span class='ocrx_word' id='word_1_339' title='bbox 1292 4203 1375 4253; x_wconf 90' lang='lat' dir='ltr'><strong>quem</strong></span> <span class='ocrx_word' id='word_1_340' title='bbox 1388 4190 1428 4240; x_wconf 92' lang='lat' dir='ltr'><strong>ibi</strong></span> 
     </span>
     <span class='ocr_line' id='line_1_39' title="bbox 207 4268 1429 4336; baseline 0.001 -15"><span class='ocrx_word' id='word_1_341' title='bbox 207 4269 330 4331; x_wconf 77' lang='lat' dir='ltr'><strong>ostendit,</strong></span> <span class='ocrx_word' id='word_1_342' title='bbox 349 4269 460 4333; x_wconf 88' lang='lat' dir='ltr'><strong>dequo</strong></span> <span class='ocrx_word' id='word_1_343' title='bbox 485 4269 607 4320; x_wconf 84' lang='lat' dir='ltr'><strong>extracti</strong></span> <span class='ocrx_word' id='word_1_344' title='bbox 638 4270 752 4321; x_wconf 83' lang='lat' dir='ltr'><strong>luerent</strong></span> <span class='ocrx_word' id='word_1_345' title='bbox 771 4268 868 4335; x_wconf 87' lang='lat' dir='ltr'><strong>plures</strong></span> <span class='ocrx_word' id='word_1_346' title='bbox 888 4270 1000 4322; x_wconf 80' lang='lat' dir='ltr'><strong>articuli</strong></span> <span class='ocrx_word' id='word_1_347' title='bbox 1020 4271 1126 4322; x_wconf 84' lang='lat' dir='ltr'><strong>ibidem</strong></span> <span class='ocrx_word' id='word_1_348' title='bbox 1147 4270 1277 4333; x_wconf 84' lang='lat' dir='ltr'><strong>exhibiti,</strong></span> <span class='ocrx_word' id='word_1_349' title='bbox 1299 4286 1366 4336; x_wconf 88' lang='lat' dir='ltr'><strong>quos</strong></span> <span class='ocrx_word' id='word_1_350' title='bbox 1387 4273 1429 4324; x_wconf 86' lang='lat' dir='ltr'><strong>eis</strong></span> 
     </span>
     <span class='ocr_line' id='line_1_40' title="bbox 203 4351 631 4415; baseline 0.002 -14"><span class='ocrx_word' id='word_1_351' title='bbox 203 4351 452 4415; x_wconf 85' lang='lat' dir='ltr'><strong>demonstraverat,</strong></span> <span class='ocrx_word' id='word_1_352' title='bbox 465 4352 497 4402; x_wconf 86' lang='lat' dir='ltr'><strong>ut</strong></span> <span class='ocrx_word' id='word_1_353' title='bbox 509 4351 631 4403; x_wconf 89' lang='lat' dir='ltr'><strong>dicebat.</strong></span> 
     </span>
    </p>

    <p class='ocr_par' dir='ltr' id='par_1_9' title="bbox 194 4432 1429 4667">
     <span class='ocr_line' id='line_1_41' title="bbox 232 4432 1428 4499; baseline 0.004 -16"><span class='ocrx_word' id='word_1_354' title='bbox 232 4433 358 4493; x_wconf 82' lang='lat' dir='ltr'><strong>Quorum</strong></span> <span class='ocrx_word' id='word_1_355' title='bbox 376 4432 564 4485; x_wconf 85' lang='lat' dir='ltr'><strong>articulorum</strong></span> <span class='ocrx_word' id='word_1_356' title='bbox 575 4434 684 4499; x_wconf 87' lang='lat' dir='ltr'><strong>primus</strong></span> <span class='ocrx_word' id='word_1_357' title='bbox 695 4433 762 4486; x_wconf 87' lang='lat' dir='ltr'><strong>talis</strong></span> <span class='ocrx_word' id='word_1_358' title='bbox 773 4437 816 4486; x_wconf 89' lang='lat' dir='ltr'><strong>est</strong></span> <span class='ocrx_word' id='word_1_359' title='bbox 829 4449 835 4486; x_wconf 94' lang='lat'><strong>:</strong></span> <span class='ocrx_word' id='word_1_360' title='bbox 856 4456 868 4478; x_wconf 79' lang='lat' dir='ltr'><em>u</em></span> <span class='ocrx_word' id='word_1_361' title='bbox 879 4434 960 4495; x_wconf 89' lang='lat' dir='ltr'><strong>Quod</strong></span> <span class='ocrx_word' id='word_1_362' title='bbox 971 4436 1067 4487; x_wconf 88' lang='lat' dir='ltr'><strong>anima</strong></span> <span class='ocrx_word' id='word_1_363' title='bbox 1084 4435 1257 4487; x_wconf 82' lang='lat' dir='ltr'><strong>adnichilata</strong></span> <span class='ocrx_word' id='word_1_364' title='bbox 1273 4436 1322 4488; x_wconf 92' lang='lat' dir='ltr'><strong>dat</strong></span> <span class='ocrx_word' id='word_1_365' title='bbox 1342 4435 1428 4490; x_wconf 89' lang='lat' dir='ltr'><strong>licen·</strong></span> 
     </span>
     <span class='ocr_line' id='line_1_42' title="bbox 200 4515 1429 4585; baseline 0.004 -17"><span class='ocrx_word' id='word_1_366' title='bbox 200 4517 266 4568; x_wconf 86' lang='lat' dir='ltr'><strong>tiam</strong></span> <span class='ocrx_word' id='word_1_367' title='bbox 276 4518 433 4568; x_wconf 84' lang='lat' dir='ltr'><strong>virtutibus</strong></span> <span class='ocrx_word' id='word_1_368' title='bbox 445 4529 497 4570; x_wconf 87' lang='lat' dir='ltr'><strong>nec</strong></span> <span class='ocrx_word' id='word_1_369' title='bbox 509 4519 552 4569; x_wconf 85' lang='lat' dir='ltr'><strong>est</strong></span> <span class='ocrx_word' id='word_1_370' title='bbox 568 4515 690 4582; x_wconf 86' lang='lat' dir='ltr'><strong>amplius</strong></span> <span class='ocrx_word' id='word_1_371' title='bbox 700 4517 731 4569; x_wconf 92' lang='lat' dir='ltr'><strong>in</strong></span> <span class='ocrx_word' id='word_1_372' title='bbox 745 4531 843 4571; x_wconf 84' lang='lat' dir='ltr'><strong>earum</strong></span> <span class='ocrx_word' id='word_1_373' title='bbox 854 4519 1000 4584; x_wconf 85' lang='lat' dir='ltr'><strong>servitute,</strong></span> <span class='ocrx_word' id='word_1_374' title='bbox 1014 4520 1082 4584; x_wconf 88' lang='lat' dir='ltr'><strong>quia</strong></span> <span class='ocrx_word' id='word_1_375' title='bbox 1093 4534 1149 4571; x_wconf 90' lang='lat' dir='ltr'><strong>non</strong></span> <span class='ocrx_word' id='word_1_376' title='bbox 1161 4519 1248 4573; x_wconf 90' lang='lat' dir='ltr'><strong>habet</strong></span> <span class='ocrx_word' id='word_1_377' title='bbox 1265 4533 1314 4572; x_wconf 84' lang='lat' dir='ltr'><strong>eas</strong></span> <span class='ocrx_word' id='word_1_378' title='bbox 1337 4521 1429 4585; x_wconf 89' lang='lat' dir='ltr'><strong>quoad</strong></span> 
     </span>
     <span class='ocr_line' id='line_1_43' title="bbox 194 4599 1428 4667; baseline 0.005 -16"><span class='ocrx_word' id='word_1_379' title='bbox 194 4599 348 4663; x_wconf 58' lang='lat' dir='ltr'><strong>ncommod</strong></span> <span class='ocrx_word' id='word_1_380' title='bbox 359 4600 480 4652; x_wconf 84' lang='lat' dir='ltr'><strong>virtutes</strong></span> <span class='ocrx_word' id='word_1_381' title='bbox 491 4600 628 4652; x_wconf 90' lang='lat' dir='ltr'><strong>obediunt</strong></span> <span class='ocrx_word' id='word_1_382' title='bbox 638 4599 674 4651; x_wconf 90' lang='lat' dir='ltr'><strong>ad</strong></span> <span class='ocrx_word' id='word_1_383' title='bbox 687 4604 817 4652; x_wconf 76' lang='lat' dir='ltr'><strong>nutum».</strong></span> <span class='ocrx_word' id='word_1_384' title='bbox 840 4600 912 4654; x_wconf 89' lang='lat' dir='ltr'><strong>Item</strong></span> <span class='ocrx_word' id='word_1_385' title='bbox 932 4602 1057 4654; x_wconf 90' lang='lat' dir='ltr'><strong>decimus</strong></span> <span class='ocrx_word' id='word_1_386' title='bbox 1079 4603 1194 4667; x_wconf 91' lang='lat' dir='ltr'><strong>quintus</strong></span> <span class='ocrx_word' id='word_1_387' title='bbox 1212 4602 1355 4655; x_wconf 85' lang='lat' dir='ltr'><strong>articulus</strong></span> <span class='ocrx_word' id='word_1_388' title='bbox 1368 4605 1428 4658; x_wconf 87' lang='lat' dir='ltr'><strong>est:</strong></span> 
     </span>
    </p>
   </div>
   <div class='ocr_carea' id='block_1_9' title="bbox 0 0 1632 5324">
    <p class='ocr_par' dir='ltr' id='par_1_10' title="bbox 0 0 1632 5324">
     <span class='ocr_line' id='line_1_44' title="bbox 0 0 1632 5324; baseline 0 7"><span class='ocrx_word' id='word_1_389' title='bbox 0 0 1632 5324; x_wconf 95' lang='lat' dir='ltr'><strong> </strong></span> 
     </span>
    </p>
   </div>
  </div>
 </body>
</html>
