3188 5340
585 520 689 577 ANNO
708 519 772 572 ills
1236 521 1287 574 213

94 714 108 742 ι
123 695 208 760 Item,
216 693 291 759 qnod
303 707 360 745 non
371 690 515 754 credebat,
528 689 603 754 quod
615 687 746 755 religiosi
757 688 861 753 prelati
873 701 960 754 super
970 687 1167 754 deportatione
1184 690 1286 744 feretri

56 792 129 830 cum
137 777 252 839 ceteris,
265 789 319 840 que
330 776 371 827 ibi
383 775 465 836 liunt,
478 773 663 826 obtinuerunt
674 771 779 835 eliqua,
792 770 922 835 quodque
933 770 988 822 hoc
998 771 1108 823 iaciunt
1119 771 1245 826 indebite
1256 775 1287 826 et

57 860 180 925 injuste,
199 858 336 925 populum
352 857 523 910 seducendo.
541 856 591 907 Est
613 853 768 906 sediciosus
784 857 814 905 et
829 853 984 918 injuriosus
1000 855 1030 905 et
1046 855 1158 919 piarum
1174 856 1286 909 aurium

59 943 231 995 oilensiuus.

96 1044 109 1072 ι
124 1025 208 1090 Item,
220 1023 296 1089 qnod
308 1036 364 1075 non
376 1021 512 1075 credebat
523 1023 585 1073 lore
597 1033 706 1082 verum,
719 1021 794 1083 quod
806 1018 930 1072 habeant
942 1020 984 1071 illi
996 1019 1126 1087 religiosi
1137 1020 1286 1089 indulgen·

60 1109 120 1161 tias
131 1122 149 1160 a
159 1121 232 1172 papa
243 1121 296 1172 pro
305 1105 397 1158 dando
410 1104 517 1168 aliquid
530 1104 612 1155 beato
623 1101 778 1165 Anthonio,
791 1103 901 1167 nuncns
913 1103 974 1154 eius
987 1117 1035 1154 seu
1048 1105 1142 1168 porcis
1150 1106 1288 1170 portanti·

59 1192 117 1243 bus
134 1188 330 1255 campanulum
348 1188 424 1240 beati
441 1186 595 1250 Anthonlj3
613 1184 717 1236 addens
734 1186 809 1249 quod
827 1198 980 1248 numquam
1000 1185 1103 1250 aliquis
1119 1201 1192 1252 papa
1209 1189 1288 1240 dedit

59 1272 273 1341 indulgentiam
300 1284 353 1337 pro
381 1270 474 1323 dando
503 1269 608 1321 victum
637 1268 763 1320 animali.
795 1269 846 1320 Est
873 1269 1027 1333 iniuriosus
1055 1270 1086 1321 et
1112 1270 1288 1322 audientium

57 1356 224 1410 inlectivus.

96 1458 112 1487 ι
120 1437 285 1502 Item,quod
291 1436 364 1489 tales
371 1435 502 1502 religiosi
512 1436 542 1487 et
553 1435 647 1499 nunclj
658 1435 784 1500 ipsorum
793 1434 951 1486 intulerunt
960 1433 1092 1486 timorem
1099 1434 1289 1501 audientibus,

60 1524 92 1575 et
111 1521 263 1588 presertim
272 1521 301 1572 in
313 1519 449 1586 villagiis,
462 1517 537 1583 quod
549 1525 662 1568 sanctus
674 1517 834 1569 Anthonius
846 1516 987 1567 comburit
998 1530 1056 1579 eos,
1068 1518 1099 1569 et
1108 1517 1173 1570 ideo
1185 1518 1289 1571 timore

61 1604 224 1671 perterriti,
234 1603 259 1654 si
269 1617 324 1654 non
334 1601 474 1654 baberent
485 1601 539 1652 nisi
551 1613 637 1651 vuum
650 1600 808 1661 denarium,
821 1600 922 1651 darent
933 1599 1072 1652 eumdem.
1083 1599 1134 1652 Est
1145 1600 1288 1653 scandalo·

62 1703 115 1741 sne
127 1689 156 1740 et
168 1687 280 1751 piarum
292 1685 403 1737 aurium
413 1685 575 1735 oliensiuus.

96 1791 109 1819 ι
125 1769 222 1834 Vltimj
236 1771 358 1833 quatuor
369 1766 482 1818 articuli
495 1766 581 1817 micbi
594 1766 778 1830 imponuntur
790 1765 925 1828 tanquam
937 1765 1077 1830 iniuriosi.
1089 1766 1247 1819 scandalosl
1259 1769 1289 1821 et

62 1852 198 1905 sediciosi
211 1866 224 1916 ·;
244 1851 280 1904 de
302 1850 404 1915 quibus
430 1862 492 1900 sum
515 1851 545 1901 et
568 1849 610 1900 lui
634 1849 794 1899 diffamatus
819 1849 849 1898 et
871 1848 927 1899 nde
953 1848 1104 1914 dignorum
1128 1849 1289 1903 testimonio

62 1936 222 1997 conuictus,
234 1934 384 1987 videlicets
476 1938 479 1943 ’

97 2038 110 2064 ι
122 2018 205 2079 Quod
213 2018 331 2083 propter
339 2015 500 2069 huiusmodi
511 2015 720 2080 predicationes
729 2027 815 2074 meas,
823 2013 959 2079 populum
969 2013 1092 2066 ciuitatis
1102 2014 1290 2068 Tornaeensis

62 2101 208 2154 concitasti
219 2101 319 2152 contra
329 2099 448 2163 clerum,
457 2099 528 2151 adeo
538 2096 613 2162 quod
623 2098 716 2149 clerus
728 2097 783 2147 luit
794 2097 823 2147 in
836 2096 973 2161 periculo.

98 2204 111 2231 ι
123 2183 208 2245 Item,
221 2182 422 2247 quodpropter
433 2180 595 2233 huiusmodi
604 2180 813 2246 predicationes
823 2178 914 2230 adhuc
926 2179 1019 2231 clerus
1028 2179 1091 2230 istis
1100 2179 1199 2232 diebus
1208 2181 1289 2234 estin

64 2266 261 2333 opprobrium,
272 2266 396 2318 derisum
408 2267 437 2317 et
449 2264 544 2316 odium
556 2263 667 2329 populi.

98 2350 208 2413 «Item,
219 2347 421 2413 quodpropter
432 2346 594 2398 huiusmodi
606 2344 816 2410 predicatioues
828 2347 856 2397 et
868 2344 1064 2397 turbacionem
1076 2346 1142 2397 iude
1153 2347 1289 2412 secutam,

64 2432 107 2483 illi
121 2431 158 2484 de
169 2431 248 2482 clero
261 2444 318 2482 non
334 2429 477 2481 audebant
494 2430 585 2480 lacere
604 2429 799 2493 processiones
816 2427 967 2494 generales
984 2442 1036 2493 pro
1054 2428 1175 2480 eeclesia
1192 2429 1222 2480 et
1237 2443 1290 2493 pro

64 2514 263 2582 regepropter
274 2515 390 2574 metum,
402 2511 452 2576 qui
463 2512 566 2562 merito
575 2513 669 2575 potest
679 2510 781 2562 cadere
793 2511 821 2561 in
833 2512 1009 2562 constantem
1018 2511 1118 2562 virum.

96 2617 110 2644 ι
131 2596 218 2659 Item,
242 2594 316 2660 quod
342 2597 460 2660 propter
484 2593 646 2645 huiusmodi
667 2593 875 2657 predicationes
896 2593 1016 2658 populus
1039 2596 1179 2646 retractus
1199 2594 1243 2646 est
1262 2594 1292 2646 et

65 2681 202 2733 continue
210 2677 368 2730 retrahitur
379 2690 397 2729 a
408 2677 570 2736 deuotione,
584 2677 812 2739 frequentatione
825 2678 855 2727 et
866 2676 1027 2728 obedientia
1038 2691 1153 2729 suarum
1160 2675 1292 2729 ecclesia·

64 2777 128 2815 rum
137 2759 363 2828 pamoobialium
373 2762 403 2811 et
411 2772 429 2810 a
437 2759 602 2823 receptione
614 2761 865 2809 sacramentorum.

96 2864 111 2891 ι
122 2844 278 2896 Sciensmc
294 2855 405 2894 errasse
417 2844 446 2894 et
457 2841 610 2905 deliquisse
628 2841 657 2891 in
675 2841 733 2892 illis
751 2856 836 2905 quam
857 2842 1023 2907 plurimum,
1042 2856 1091 2895 ore
1108 2842 1246 2895 confiteor
1262 2844 1293 2896 et

61 2927 150 2981 corde
161 2926 284 2977 tirmiter
294 2925 390 2986 credo,
403 2938 500 2977 omnes
510 2922 646 2996 articulos
655 2925 872 2989 suprascriptos,
886 2939 949 2976 cum
961 2926 1197 2979 determinatione
1207 2925 1291 2979 huius

60 3010 138 3062 sacri
151 3006 264 3073 concilii
277 3007 501 3060 constentiensis
513 3005 623 3070 aliquos
636 3021 692 3057 non
702 3021 765 3058 esse
777 3006 942 3068 catholicos,
952 3007 1001 3058 sed
1014 3021 1065 3059 nec
1075 3008 1184 3072 aliquos
1197 3023 1232 3061 ex
1250 3010 1292 3062 eis

58 3107 126 3146 esse
138 3090 380 3157 dogmatizandos.
394 3090 430 3141 Et
438 3091 555 3153 insuper
563 3089 655 3140 libera
664 3091 768 3150 mente,
780 3090 858 3140 nullo
868 3092 988 3156 cogente
998 3092 1046 3141 aut
1055 3089 1291 3155 impellente,hoo

56 3255 248 3323 patriarchis,
256 3254 486 3319 archiepiscopis.
496 3254 645 3319 episcopis,
654 3254 812 3315 abbatibus,
821 3267 972 3318 coramque
982 3255 1144 3307 doctoribus
1153 3256 1183 3308 et
1191 3256 1292 3323 magis·

55 3341 117 3392 tris
128 3339 275 3391 variarum
287 3337 456 3389 facultatum
469 3336 648 3399 doctissimis,
661 3337 819 3400 ceterisque
838 3336 959 3388 dominis
976 3351 1151 3402 quorumque
1169 3339 1293 3390 statuum

53 3425 113 3477 tut
122 3421 267 3489 gradum
279 3420 401 3486 singulis
413 3422 442 3471 et
452 3420 593 3471 uniuersis
605 3419 689 3470 buius
707 3433 786 3471 sacre
804 3420 1038 3486 congregacionis
1055 3421 1202 3486 profiteor,
1218 3421 1292 3484 quod

54 3509 106 3557 sto
125 3506 157 3557 et
175 3517 288 3568 semper
305 3503 421 3568 paratus
442 3516 504 3553 sum
522 3504 598 3554 stare
617 3502 737 3554 firmiter
755 3505 783 3553 et
801 3502 923 3554 fideliter
946 3516 1010 3554 oum
1029 3506 1126 3555 sancta
1142 3503 1291 3565 catholica,

53 3586 224 3654 apostolica
235 3588 265 3638 et
275 3585 406 3637 Romana
416 3582 546 3648 ecclesia,
566 3586 652 3636 etiam
671 3586 700 3635 in
719 3585 1002 3636 determinationibus
1021 3589 1050 3638 et
1067 3586 1292 3638 ordinationibus

56 3673 138 3735 eius,
150 3671 287 3732 tanquam
298 3681 362 3719 cum
371 3669 462 3718 matre
473 3679 537 3718 mea
549 3669 633 3731 atque
648 3669 773 3718 omnium
788 3667 892 3718 Christi
905 3667 1041 3729 fidelium,
1053 3669 1156 3719 nedum
1165 3668 1292 3720 decreto·

56 3751 198 3815 rum,sed
207 3754 236 3803 et
244 3749 485 3802 decernendorum
494 3763 562 3800 vera
572 3750 709 3815 magistra
720 3766 727 3813 3
738 3751 783 3801 cui
796 3762 908 3800 sensum
921 3762 1014 3801 meum
1025 3764 1081 3800 non
1091 3763 1231 3813 coequans
1242 3763 1292 3802 seu

60 3838 226 3903 preferens,
240 3832 289 3885 sed
301 3832 469 3884 reuerenter
487 3831 640 3892 subiciens,
654 3845 728 3883 nunc
745 3834 774 3882 et
791 3845 903 3896 semper
920 3829 1067 3884 humiliter
1084 3832 1186 3883 obedio
1209 3833 1293 3896 atque

63 3931 181 3983 semper
189 3918 306 3969 obedire
314 3918 430 3982 paratus
441 3929 514 3980 sum,
523 3916 608 3980 prout
618 3914 710 3966 tidelis
720 3915 803 3977 filius,
812 3917 861 3979 qui
871 3917 985 3967 tenetur
994 3916 1117 3968 fideliter
1126 3930 1177 3981 pro
1186 3916 1294 3966 viribus

64 4015 115 4054 sne
123 4000 325 4053 honestissime
334 3999 433 4050 metris
441 3998 515 4050 tueri
522 3997 792 4058 honoremvbilibet
801 3999 915 4050 fortiter
922 4000 951 4050 et
959 4000 1122 4050 constanter
1130 3998 1292 4050 defendere.

69 4084 101 4135 lit
110 4085 323 4148 consequenter
334 4081 432 4133 eadem
446 4080 579 4132 libertate
591 4081 729 4145 prolltcor
740 4094 806 4132 vere
818 4083 903 4145 atque
920 4082 1055 4146 veridice,
1067 4081 1142 4145 quod
1159 4094 1223 4131 cum
1240 4078 1295 4131 hoc

69 4180 148 4219 sacro
158 4164 369 4218 Constantlensi
379 4162 508 4229 generali
519 4162 639 4214 concilio
650 4164 840 4215 vniuersalem
853 4164 906 4215 Dei
918 4165 1066 4215 eeclesiam
1080 4164 1295 4229 representante

65 4252 109 4300 sto
127 4255 155 4301 et
173 4248 254 4300 stabo
266 4253 295 4299 et
306 4259 419 4310 semper
430 4248 507 4297 stare
518 4247 634 4311 paratus
644 4260 705 4297 sum
719 4246 842 4298 fideliter
850 4247 879 4298 et
888 4246 1019 4309 firmiter,
1030 4260 1115 4311 super
1125 4246 1293 4298 determina·

66 4330 194 4381 tionibus
211 4330 240 4381 et
257 4328 483 4382 ordinationibus
498 4330 560 4381 eius
579 4333 608 4380 et
625 4329 776 4394 presertim
795 4330 823 4380 in
840 4327 969 4394 illisque
986 4331 1021 4382 ad
1039 4330 1121 4381 iidem
1140 4329 1293 4395 pertinent,

61 4415 144 4467 ratas
157 4411 395 4477 nedumcredens
406 4425 455 4464 eas
468 4414 518 4463 aut
529 4412 676 4477 profitens,
690 4411 739 4462 sed
751 4414 915 4464 constanter
931 4413 1061 4465 tenturus
1076 4415 1105 4464 et
1115 4415 1294 4478 professurus

60 4510 155 4563 super
165 4495 422 4561 condempnatione
437 4493 502 4548 .xlv‚
516 4494 702 4546 articulorum
720 4493 861 4546 iohannis
875 4494 982 4548 Wiolei
993 4497 1028 4548 de
1039 4494 1152 4562 Anglia,
1164 4499 1194 4548 et
1206 4495 1293 4560 mxxi.

57 4577 257 4638 artic-morum
278 4576 418 4631 iohannis
438 4577 534 4632 Hunos
556 4576 591 4628 de
614 4575 764 4641 Bobemia,
786 4590 850 4627 oum
871 4577 974 4643 quibus
996 4577 1084 4642 aliqui
1104 4590 1140 4630 ex
1159 4577 1295 4643 predictis
