3188 5340
183 530 233 584 152
707 529 810 584 ANNO
830 527 896 581 leet

182 695 320 764 colligere
330 695 444 749 valeant
459 697 489 749 in
510 695 650 761 supernis.
664 693 779 757 Verum,
795 695 869 747 sicut
884 695 914 748 in
934 694 1054 762 prelatis
1065 693 1215 747 inseruisti
1232 693 1332 757 literis,
1343 693 1390 745 sunt

182 777 312 831 nonnulli
323 777 427 844 prelati
441 780 470 830 et
490 778 618 830 rectores
631 775 820 830 ecclesiarum
837 776 1018 830 diversarum
1040 777 1208 840 diooesium,
1228 778 1277 843 qui
1294 777 1392 830 nondis

183 861 332 914 cernentes
354 861 429 912 inter
446 862 550 913 honam
569 859 658 912 vitam
678 861 708 912 et
732 858 887 925 reprobam
901 872 934 911 ae
956 860 1102 912 frumenta
1125 874 1182 912 non
1202 860 1394 914 excucientesa

181 944 272 1010 paleis
284 944 431 996 occasione
447 943 664 995 constitucionis
675 956 748 994 nove
761 943 853 1008 posite
863 944 915 995 sub
927 941 1011 995 titulo
1027 961 1040 990 ι
1053 944 1089 996 de
1098 944 1174 996 statu
1186 942 1392 996 monachorum»

182 1028 214 1079 in
242 1025 436 1088 clementinis,
459 1027 508 1090 qui
530 1026 630 1090 incipit
652 1023 723 1078 stim
743 1023 778 1076 de
795 1023 965 1094 quibusdam
989 1023 1154 1079 mulieribus
1177 1028 1206 1078 et
1227 1030 1333 1092 oeten,
1351 1029 1393 1081 lan

183 1107 319 1161 mulieres
330 1109 544 1173 supersticiosas
555 1120 640 1172 quam
652 1106 837 1159 laudabiliter
855 1108 982 1158 viventes
994 1107 1094 1160 eadem
1106 1109 1255 1162 sentencia
1265 1110 1392 1171 lerientes,

184 1205 282 1244 omnes
292 1191 490 1243 indifferenter
500 1191 654 1257 reprobant
662 1191 692 1242 et
702 1189 857 1242 indiscreta
866 1190 1113 1242 animadversione
1124 1191 1341 1258 condempnant.
1351 1191 1394 1244 llos

184 1275 274 1341 igitur
290 1274 408 1341 indigne
431 1274 556 1325 terentes
575 1274 652 1325 inter
668 1272 831 1324 huiusmodi
851 1286 987 1339 personas
1008 1273 1203 1325 differendam
1228 1289 1286 1326 non
1302 1274 1395 1334 haberi,

183 1357 322 1422 volentes,
334 1359 366 1410 ut
381 1356 516 1423 periculis
536 1358 695 1409 animarum
716 1348 833 1409 auctore
851 1357 911 1408 Deo
933 1357 1027 1408 aditus
1047 1357 1222 1421 obstruatur,
1244 1357 1397 1409 auctoritate

184 1439 341 1505 apostolica
359 1439 536 1491 decernimus
554 1440 583 1490 et
605 1437 792 1500 declaramus,
814 1437 950 1490 mulieres
970 1437 1046 1502 illas,
1064 1452 1120 1503 que
1137 1440 1278 1492 virtutum
1298 1439 1399 1492 semitas

184 1522 348 1574 incedentes
364 1523 422 1575 vite
443 1521 552 1573 meritis
568 1522 761 1588 ungentorum
785 1520 947 1573 dihbndunt
966 1534 1070 1585 mores,
1097 1535 1208 1574 necnon
1235 1523 1265 1574 et
1287 1521 1399 1574 reclusas

183 1608 303 1672 probate
314 1607 371 1658 vite
383 1606 412 1658 et
423 1606 650 1660 conversacionis
661 1607 818 1657 memorate
832 1605 1048 1657 constitucionis
1058 1605 1204 1657 sentencia
1215 1619 1274 1657 non
1284 1605 1400 1671 contingi

184 1704 238 1742 nec
254 1690 316 1741 eius
328 1702 447 1741 censura
456 1688 560 1741 debere
571 1687 700 1754 percelli,
713 1701 778 1739 eum
790 1687 954 1753 apostolicis
972 1689 1030 1740 sint
1045 1688 1245 1754 prosequende
1255 1688 1399 1741 tavorihua

185 1771 364 1838 Quapropter
374 1771 503 1823 districte
513 1769 684 1831 inhibemus,
707 1784 743 1823 ne
763 1771 826 1834 quis
839 1783 887 1823 eas
904 1772 1039 1837 pretextu
1056 1771 1275 1822 constitucionis
1285 1770 1400 1824 eiusdem

184 1855 303 1920 impetat
314 1853 526 1919 quomodolibet
537 1855 586 1906 aut
598 1854 740 1916 molestet,
759 1852 808 1905 sed
826 1867 874 1906 eas
894 1853 1011 1906 solitum
1024 1855 1137 1906 deterre
1153 1852 1284 1906 habitum
1295 1854 1326 1906 et
1340 1852 1401 1904 dont

184 1938 265 2003 prius
276 1937 305 1988 in
318 1951 369 1989 sua
386 1937 592 2002 tranquillitate
611 1936 707 1988 vivore
731 1936 865 1998 dimittat,
883 1937 915 1990 ut
936 1937 1074 1988 virtutum
1096 1936 1227 1999 Domine,
1251 1937 1304 2001 qui
1322 1936 1401 1988 iustu

185 2020 271 2071 iudex
290 2021 390 2085 potens
408 2020 499 2071 estin
519 2017 601 2071 illum
620 2017 697 2070 diem
723 2018 945 2083 uniuscuiusque
968 2031 1082 2071 servare
1098 2017 1270 2084 depositum,
1287 2031 1342 2085 per
1354 2019 1403 2071 vite

184 2102 357 2154 mundiciam
374 2101 529 2155 militantes
548 2102 714 2154 mereantur
732 2103 866 2166 consequi
885 2101 1032 2154 felicitatis
1048 2102 1147 2154 eterne
1166 2102 1320 2167 premium,
1338 2101 1403 2167 qnod

185 2197 260 2236 nuno
271 2184 469 2238 inchoantibus
480 2184 697 2250 repromittitur,
709 2185 759 2236 sed
768 2184 1014 2249 perseverantibus
1025 2184 1056 2235 in
1074 2185 1324 2238 consummacione
1334 2197 1403 2252 pres·

185 2267 271 2318 tatur.
282 2265 361 2319 Nulli
373 2280 442 2334 crgo
452 2265 600 2319 hominum
611 2285 634 2328 ι,
647 2266 677 2318 et
686 2267 791 2318 cetera.

218 2347 303 2401 Istius
326 2349 537 2415 extravagantis
556 2348 702 2401 iohannes
723 2348 836 2401 Andree
857 2349 947 2402 eciam
970 2349 1040 2401 lacit
1067 2349 1248 2402 mencionem
1264 2349 1401 2402 subtituto

187 2432 244 2483 ude
256 2431 331 2483 statu
342 2430 546 2483 monachorum
559 2449 581 2481 ι.
600 2430 728 2482 Vidimus
738 2444 818 2497 ergo,
829 2431 905 2495 quod
917 2430 996 2483 nulla
1007 2432 1072 2484 iura
1083 2444 1136 2484 nec
1153 2433 1217 2498 ipsa
1234 2431 1402 2485 clementina

186 2514 337 2581 prohibent
352 2514 534 2579 presbyteros
552 2515 582 2565 et
602 2512 721 2565 clericos
739 2526 788 2565 seu
805 2512 905 2576 laicos,
923 2526 975 2566 nec
992 2514 1083 2566 eciam
1107 2515 1240 2578 feminas,
1258 2517 1402 2583 separatim

185 2601 282 2651 tamen
303 2610 383 2650 more
395 2596 549 2663 apostolico
571 2595 648 2648 nullo
661 2609 759 2648 errore
771 2596 931 2662 implicatos
949 2595 1033 2648 simul
1051 2609 1113 2649 esse
1130 2598 1159 2649 et
1171 2599 1269 2651 vivere
1285 2600 1402 2664 atqnein

185 2693 243 2733 una
255 2681 336 2732 domo
353 2680 463 2746 pariter
481 2679 661 2742 commorari,
684 2692 749 2731 cum
773 2681 875 2732 natura
886 2680 922 2732 ad
935 2678 990 2731 hoc
1010 2679 1152 2744 inelinat3
1171 2681 1216 2733 est
1233 2682 1312 2734 enim
1327 2681 1402 2734 homo

186 2763 291 2815 animal
302 2762 407 2815 sociale
420 2764 450 2814 et
466 2760 622 2828 politicum.
646 2762 704 2813 Lex
722 2761 757 2813 ad
777 2760 831 2813 hoc
851 2761 991 2825 hortatur,
1013 2763 1081 2826 quia
1097 2763 1200 2815 mellus
1216 2766 1264 2816 est
1278 2764 1335 2817 duo
1349 2777 1402 2818 esse

185 2845 279 2897 simul.
293 2845 408 2911 Religio
418 2845 574 2897 christiana
585 2843 643 2895 illis
654 2845 791 2911 precipue
802 2845 972 2911 congaudet,
986 2845 1053 2910 qnia
1065 2858 1173 2907 omnes,
1186 2847 1235 2912 qul
1248 2848 1401 2912 credebant,

187 2929 269 2981 erant
279 2928 397 2994 pariter.

218 3010 334 3062 Utinam
350 3011 399 3062 isti
411 3011 604 3063 mendicantes
624 3011 653 3061 in
667 3010 814 3076 proprium
833 3024 915 3062 suum
930 3011 1059 3063 ordinem
1077 3011 1257 3077 respicerent
1272 3013 1303 3065 et
1317 3011 1401 3064 naui·

185 3093 238 3145 hus
250 3095 308 3144 suis
319 3095 550 3159 pronunciarent,
562 3107 661 3145 omnes
674 3094 781 3145 ordinis
794 3094 837 3145 sui
849 3094 1056 3159 proprietarios
1067 3094 1097 3144 in
1109 3095 1185 3146 statu
1196 3108 1261 3148 esse
1272 3096 1401 3161 dampna·

185 3177 284 3238 cionis,
304 3178 333 3228 et
350 3191 406 3228 non
427 3178 610 3244 insurgerent
630 3178 730 3228 contra
758 3190 824 3228 oves
854 3176 958 3230 Christi
988 3176 1131 3242 simplices
1159 3176 1246 3230 simul
1275 3179 1400 3242 vivente,

185 3260 315 3311 manibus
326 3259 497 3324 laborantes,
511 3260 671 3312 castitatem
682 3260 780 3311 mutuo
792 3259 993 3322 custodientes,
1006 3273 1024 3311 a
1035 3258 1124 3311 seculi
1142 3257 1255 3325 laqueis
1265 3261 1400 3313 abstinen-

186 3343 240 3406 tes,
251 3342 368 3407 prelatis
389 3343 447 3394 suis
470 3343 644 3408 obedientes,
665 3343 793 3394 convivia
813 3341 1015 3408 religiosorum
1032 3341 1093 3394 solo
1117 3343 1233 3395 nomine
1261 3344 1291 3396 et
1311 3343 1399 3395 habitu

186 3424 397 3491 detestantes,a
413 3427 493 3492 vagis
505 3428 534 3478 et
551 3426 664 3478 lascivis
680 3426 816 3478 iratribus
833 3425 964 3492 regulam
984 3439 1041 3477 non
1061 3426 1240 3478 servantibus
1256 3426 1400 3494 fugientes,

185 3505 238 3557 soli
250 3506 410 3560 conditoris
421 3509 563 3561 desiderio
581 3507 755 3571 inherentes,
774 3522 845 3574 quas
865 3508 997 3560 dominus
1021 3509 1098 3561 Deus
1115 3508 1146 3559 in
1165 3507 1226 3561 vita
1242 3509 1299 3562 ista
1314 3510 1400 3562 arcu

185 3590 324 3643 custodiat
341 3605 453 3658 semper
469 3593 500 3644 et
516 3591 661 3643 defendat.

444 3699 510 3752 doh.
524 3697 676 3761 Buschius,
698 3695 855 3750 chronicon
872 3693 1126 3759 Windss‘ltmense,
1147 3694 1203 3747 blc.
1219 3694 1332 3750 tte-2³9
1346 3694 1398 3766 (nit

478 3796 550 3849 gave
567 3795 622 3834 van
642 3780 745 3842 Grube,
766 3779 849 3846 1888).
857 3805 891 3829 ,-
904 3780 977 3832 Hier
988 3779 1092 3832 vinden
1115 3779 1161 3844 vvlj
1186 3778 1236 3831 het
1254 3780 1340 3848 begin
1357 3780 1400 3832 der

477 3863 732 3930 verdachtmaking
754 3875 790 3915 cn
810 3861 978 3929 vervolging
997 3861 1103 3914 vande
1125 3861 1341 3930 Broederschap
1358 3862 1399 3915 des

478 3960 636 4014 gemeenen
647 3946 744 3999 levens
761 3945 832 3997 door
848 3945 883 3998 de
901 3943 1142 3997 hedelmonnikcn
1153 3956 1191 3996 en
1202 3945 1398 4010 inquisitenrs3

479 4030 515 4082 de
526 4030 595 4081 naal(
607 4029 684 4081 werd
700 4030 760 4080 met
772 4042 842 4081 eene
859 4027 930 4080 haar
947 4026 1099 4079 volkomen
1110 4027 1246 4094 gunstige
1258 4027 1398 4093 teslintnr

477 4126 513 4179 op
525 4111 575 4164 het
585 4111 741 4178 Algemeen
760 4110 886 4163 concilis
905 4125 959 4162 van
977 4110 1157 4163 constancia
1170 4110 1228 4162 Mei
1242 4109 1397 4164 isleberto

477 4198 536 4248 ten.
549 4195 607 4262 (Zie
619 4195 722 4247 verder
732 4208 801 4248 onze
812 4193 936 4247 stukken
947 4201 987 4245 nr*
1002 4192 1118 4248 loe-107.
1134 4192 1306 4258 nelos-lit,
1318 4202 1347 4246 nr
1357 4190 1397 4244 lit

477 4293 513 4332 en
526 4288 566 4331 nr·
578 4277 712 4345 let-137.)
