3188 5340
594 443 698 496 ANNO
717 443 780 496 1³07
1269 447 1302 498 55

68 614 205 681 exponit,
216 627 290 681 qnae
301 612 436 667 abhorret
447 612 477 668 et
492 609 996 680 ramgitipsarum-irrationsbilium
1014 612 1183 666 sensualitas
1201 615 1303 668 beatia-

68 711 148 750 mm.
163 696 325 762 Derebquit
335 697 427 750 Deum
437 697 577 749 factorem
587 708 680 758 suum,
693 695 812 748 recessit
820 710 838 748 a
847 697 969 749 Domino
978 697 1120 750 salvatore
1131 699 1302 762 suo,Deum,

71 783 124 846 qui
152 795 217 834 eam
240 781 350 848 genuit,
373 779 545 844 dereliquit;
571 777 660 831 oblita
682 779 727 830 eat
755 778 870 831 Domini
899 781 1036 832 creatoris
1064 781 1118 842 sui,
1147 780 1304 835 immolavit

72 864 225 918 doemonis
232 865 263 916 et
273 876 331 915 non
339 864 409 925 Deo,
419 875 491 929 gens
499 863 606 927 absque
617 861 736 913 consilio
748 862 777 913 et
787 861 850 915 sine
862 863 1023 927 prudentia,
1029 863 1138 915 utinam
1149 851 1263 929 saperet
1272 866 1303 917 et

74 946 458 1014 intelligeretacnovissime
468 944 639 1011 provideret,

109 1028 188 1082 Olim
199 1028 340 1094 siquidem
361 1029 397 1079 ad
417 1041 468 1079 nos
484 1028 539 1079 tide
562 1028 714 1094 dignorum
731 1041 816 1092 quam
840 1027 995 1095 plurimum
1012 1028 1154 1081 inculcata
1164 1028 1304 1084 relatione

73 1113 217 1180 pervenit,
230 1112 306 1176 quod
314 1113 418 1163 fratres
427 1110 535 1162 ordinis
547 1110 668 1162 Militiae
680 1109 803 1176 Templi,
813 1113 946 1177 gerentes
958 1112 1010 1164 sub
1021 1113 1117 1178 speeie
1128 1112 1196 1178 agni
1205 1111 1303 1179 lupum

74 1200 104 1248 et
114 1197 168 1246 sub
179 1195 331 1262 religionis
341 1193 441 1246 habitu
453 1194 568 1245 nostrae
579 1192 715 1260 religioni
733 1191 784 1261 [et]
797 1194 863 1245 fidei
882 1195 1013 1259 nequiter
1024 1194 1202 1258 insultantes,
1214 1195 1303 1248 domi·

74 1293 146 1331 num
164 1279 293 1330 nosmum
302 1276 402 1330 «lesum
410 1275 553 1330 Christum
563 1276 724 1328 novissimis
733 1277 907 1343 temporibus
918 1291 971 1342 pro
983 1276 1099 1329 humaui
1108 1276 1302 1343 redemptione

73 1361 192 1428 generis
203 1360 381 1421 crucifixum,
394 1359 583 1425 gravioribus,
597 1372 683 1423 quam
691 1360 721 1411 in
730 1372 814 1411 cruce
823 1358 952 1424 pertulit,
963 1358 1051 1411 illatis
1062 1359 1186 1424 inJ‘uriis,
1198 1359 1303 1412 iterum

73 1444 259 1510 cmciflgunt,
268 1443 336 1494 dum
345 1443 376 1495 in
387 1443 449 1508 ipso
461 1443 593 1509 ingressu
606 1442 707 1506 suique
725 1442 902 1506 professione
919 1442 1028 1494 ordinis
1043 1442 1136 1507 ipsum
1148 1441 1302 1508 conspecti·

72 1529 128 1578 bus
140 1527 201 1578 suis
218 1526 281 1590 ejus
297 1526 394 1592 effigie
409 1526 591 1590 praesentata
601 1524 715 1586 misera,
733 1525 819 1577 immo
836 1522 993 1577 miserabili
1010 1525 1147 1576 caecitate
1162 1525 1207 1576 ter
1218 1524 1304 1577 abne·

72 1611 147 1676 gant
163 1623 196 1660 ac
208 1607 340 1660 horribili
351 1606 520 1660 crudelitate
531 1609 578 1659 ter
595 1607 624 1658 in
642 1607 744 1659 faciem
761 1609 866 1672 spuunt
882 1608 954 1672 eJ'us,
978 1609 1007 1658 st
1028 1607 1207 1672 postmodum
1224 1608 1303 1659 exuti

72 1691 213 1753 vestibus,
232 1704 302 1755 quas
318 1691 349 1742 iu
365 1688 505 1742 saeculari
525 1689 625 1741 habitu
646 1689 822 1751 deferebant,
843 1689 910 1740 nudi
931 1689 1127 1741 invisitatoris
1146 1691 1195 1741 aut
1211 1690 1303 1743 vicem

74 1777 139 1839 eius
168 1774 305 1840 gerentis,
334 1773 383 1838 qui
403 1785 453 1824 eos
474 1773 509 1824 ad
538 1772 746 1837 professionem
766 1772 878 1838 recipit,
908 1772 1070 1836 praesentis
1086 1772 1243 1834 constituti,
1271 1773 1302 1825 in

73 1856 230 1925 posteriori
242 1857 323 1922 parte
336 1856 435 1920 spinae
447 1854 525 1907 dorsi
538 1854 641 1920 primo,
660 1855 783 1906 secundo
794 1855 825 1906 in
835 1853 970 1906 umbilico
982 1856 1012 1906 et
1022 1854 1136 1906 demum
1153 1854 1182 1906 in
1199 1868 1259 1918 ore,
1272 1855 1302 1907 in

73 1940 219 1992 hnmanae
229 1937 377 2004 dignitatis
387 1936 582 2002 opprobrium,
594 1936 677 2000 iuxta
687 1937 838 2000 profanum
854 1936 962 1987 ordinis
973 1937 1018 1988 sui
1035 1937 1123 1987 ritum
1138 1935 1303 1989 deosculan-

72 2026 123 2075 tur
134 2022 172 2074 ab
181 2022 243 2087 ipso
253 2022 293 2085 et,
301 2021 452 2086 postquam
463 2019 589 2070 divinam
601 2017 695 2084 legem
706 2021 765 2070 tam
774 2019 906 2070 nefandis
919 2018 1044 2081 ausibus,
1053 2019 1112 2071 tam
1129 2018 1302 2072 detestandis

71 2105 211 2172 operibus
222 2103 411 2164 offenderunt,
423 2101 576 2155 humanam
588 2102 732 2154 offendere
745 2117 802 2155 nou
809 2105 950 2164 verentes,
960 2103 1145 2169 professionis
1157 2116 1226 2155 suae
1236 2103 1302 2155 voto

69 2184 434 2254 seobligaut,quod<alter
453 2184 537 2238 alteri
560 2183 639 2236 illius
659 2184 808 2237 horribilis
827 2187 857 2238 et
876 2186 1016 2238 tremendi
1039 2186 1206 2238 concubitus
1222 2186 1301 2250 vitio,

71 2271 194 2336 propter
205 2269 280 2334 quod
297 2268 375 2319 venit
392 2268 422 2319 in
434 2267 610 2320 diffidentiae
623 2266 698 2319 filios
717 2269 762 2319 ira
781 2268 844 2330 Dei,
858 2269 1012 2333 requisitus
1029 2268 1254 2322 irrecusabiliter
1271 2282 1302 2322 se

70 2353 210 2419 exponet,
222 2349 377 2415 dereliquit
388 2351 496 2403 fontem
508 2363 598 2414 aquae
610 2350 701 2415 vivae,
714 2351 891 2415 mutavitque
900 2350 1024 2417 gloriam
1034 2365 1114 2404 suam
1126 2352 1156 2403 in
1169 2349 1300 2403 similitu·

70 2438 172 2488 dinem
183 2432 266 2485 vituli
278 2434 307 2485 et
315 2431 400 2484 idolis
412 2431 541 2484 immolat
549 2446 621 2499 gens
633 2434 796 2497 immunda3
810 2431 881 2486 haec
893 2436 922 2486 et
938 2433 996 2486 alia
1006 2447 1078 2501 gens
1093 2434 1212 2500 perfida,
1230 2446 1301 2501 gens

70 2522 176 2571 insana
193 2516 224 2568 ct
245 2515 342 2567 dedita
361 2514 484 2567 cultibus
513 2514 653 2567 idolorum
678 2516 856 2568 committere
877 2531 933 2569 nou
959 2517 1083 2579 veretur,
1106 2530 1227 2582 quonam
1244 2530 1301 2569 non

69 2602 168 2654 solum
184 2601 265 2651 actus
282 2600 312 2650 et
330 2611 419 2663 opera
437 2597 612 2660 detestanda,
625 2611 724 2650 verum
746 2599 832 2651 etiam
851 2599 1001 2665 repentina
1017 2600 1105 2652 verba
1126 2600 1233 2651 terram
1249 2613 1301 2652 sus

70 2683 212 2736 foeditate
223 2681 439 2743 commaculant,
451 2681 525 2733 roris
536 2681 676 2733 beneficia
686 2681 856 2734 subtrahunt
867 2685 896 2733 et
907 2683 982 2734 aeris
997 2683 1128 2734 inficiunt
1147 2683 1301 2748 puritatem

68 2780 103 2819 sc
115 2766 185 2818 fidei
198 2766 312 2818 nostrae
332 2763 527 2816 confusionem
537 2762 677 2815 inducunt
689 2779 696 2827 ;
714 2765 753 2826 et,
765 2762 834 2816 iicet
845 2764 1019 2816 delatoribus
1028 2763 1189 2830 huiusmodi
1201 2766 1231 2817 et
1242 2766 1301 2818 tam

68 2849 190 2902 infatuati
203 2846 379 2900 nunciationi
390 2845 523 2908 rumoris,
536 2858 599 2897 eam
609 2845 704 2911 potius
721 2845 856 2899 exlivore
866 2847 990 2899 invidiae
1007 2844 1053 2899 vel
1070 2847 1129 2898 odii
1138 2848 1239 2900 fomite
1249 2849 1301 2901 aut
1398 2875 1402 2883 ,

68 2930 237 2997 cupiditatis
259 2929 355 2982 radice
378 2941 463 2993 quam
478 2941 514 2980 ex
530 2929 644 2981 fervore
662 2928 739 2990 fidei,
757 2926 817 2980 selo
833 2928 961 2993 justitiae
981 2931 1032 2981 aut
1047 2929 1175 2983 caritatis
1196 2933 1299 2984 affectu

68 3013 229 3081 procedere
240 3012 424 3076 suspicantes,
437 3011 484 3062 vix
498 3010 533 3062 ab
550 3010 633 3063 initio
646 3011 772 3063 animum
783 3010 922 3064 inclinare
934 3024 1089 3077 possemus,
1102 3012 1299 3079 multiplicatis

67 3100 167 3149 tamen
177 3093 355 3147 delatoribus
368 3107 401 3146 ac
418 3092 665 3146 denuntiatoribus
682 3093 851 3159 supradictis
874 3108 908 3146 ac
927 3093 1119 3148 invalescente
1135 3095 1256 3149 infamia
1271 3098 1301 3149 et

68 3193 104 3232 ex
115 3177 397 3244 praesumptionibus
417 3190 474 3228 non
494 3175 613 3237 levibus,
630 3176 680 3228 sed
699 3175 837 3242 legitimis
855 3177 1031 3243 argumentis
1051 3178 1081 3230 et
1103 3177 1299 3243 probabilibus

68 3260 255 3326 conjecturis,
275 3258 401 3312 violente
417 3259 649 3324 praesumptione
669 3260 698 3310 ct
718 3260 878 3324 suspicione
895 3263 1032 3325 concepta
1043 3259 1079 3312 ad
1098 3261 1300 3327 indagandum,

69 3342 240 3410 praehabito
268 3355 355 3407 super
374 3340 428 3393 boc
447 3355 512 3394 cum
533 3341 710 3392 sanctissimo
736 3344 819 3405 patre
837 3342 867 3393 in
884 3342 1006 3394 Domino
1027 3340 1182 3405 clemente,
1205 3343 1303 3397 divina

68 3425 253 3494 providentia
268 3425 465 3477 sacrosanctae
484 3425 631 3477 Romanae
651 3438 684 3477 ac
703 3423 872 3477 universalis
884 3423 1023 3477 ecclesiae
1034 3439 1144 3477 summo
1155 3426 1299 3491 pontifice,

68 3509 215 3574 colloquio
227 3511 257 3561 et
265 3507 397 3575 diligenti
409 3509 542 3569 tractatu,
557 3520 590 3559 ac
602 3520 666 3558 cuns
677 3506 813 3572 praelatis
822 3508 852 3559 et
868 3508 1021 3559 baronibus
1038 3508 1142 3560 nostris
1162 3508 1301 3562 delibera·

68 3594 149 3645 tione
176 3589 290 3644 consilii
320 3589 467 3656 plenioris,
497 3590 624 3655 cepimus
646 3588 799 3654 diligenter
816 3590 965 3642 intendere
995 3590 1094 3642 modos
1121 3590 1299 3656 exquirendo

69 3673 212 3742 perutiles
225 3675 256 3726 et
272 3686 325 3739 per
344 3674 404 3725 vias
427 3672 583 3725 incedendo
601 3671 740 3734 salubres,
753 3672 855 3736 quibus
866 3674 961 3737 posset
973 3670 1095 3724 lucidius
1105 3673 1136 3724 in
1148 3673 1202 3726 hac
1218 3657 1301 3739 parte

68 3759 176 3810 veritas
197 3757 338 3823 reperiri3
350 3758 380 3808 et
401 3758 506 3821 quanto
526 3754 648 3820 amplius
667 3757 751 3819 atque
775 3756 942 3820 profundius
965 3756 1128 3821 hujusmodi
1148 3756 1300 3823 negotium

67 3842 257 3901 tractabatur,
269 3840 348 3891 tanto
360 3838 447 3890 eifoao
458 3838 567 3903 pariete
581 3838 806 3890 abominationes
818 3838 978 3891 invenimus
991 3839 1149 3904 graviores.

104 3923 189 3976 Unde
214 3937 275 3984 nos,
295 3922 344 3987 qui
366 3922 402 3973 ad
423 3921 618 3973 defensionem
639 3921 705 3972 fidei
731 3921 761 3972 et
781 3920 989 3974 ecclesiasticae
1007 3920 1149 3975 libertatis
1166 3933 1301 3973 sumusa

70 4006 195 4058 Domino
207 4003 408 4070 superiegaiia
419 4003 592 4056 eminentiae
599 4002 716 4069 specula
727 4004 875 4056 constituti
885 4006 913 4055 et
925 4017 993 4070 prae
1006 4004 1116 4057 cunctis
1127 4004 1300 4057 desiderabi-

69 4089 149 4140 libus
157 4088 261 4142 mentis
279 4089 391 4139 rosnae
403 4088 588 4153 augmentum
609 4085 765 4138 catholicae
783 4087 849 4138 fidei
867 4088 1041 4149 affectamus,
1053 4101 1105 4153 per
1121 4086 1257 4140 dilectum
1268 4089 1300 4139 in

71 4171 187 4224 cbristo
209 4171 328 4222 matrem
344 4167 539 4236 (l[ulielmum]
559 4170 594 4220 de
606 4169 746 4231 Parisius,
758 4169 956 4234 inquisitorem
972 4168 1134 4222 haereticae
1152 4171 1301 4237 pravitatis

70 4253 248 4306 authoritate
268 4250 422 4317 apostolica
433 4252 609 4316 deputatum,
628 4265 713 4316 super
732 4252 896 4317 praemissis
914 4252 1033 4304 infamia
1050 4253 1165 4317 publica
1175 4254 1300 4303 referen-

70 4338 140 4398 tem,
154 4334 288 4402 diligenti
300 4335 500 4387 informatione
514 4335 682 4399 praehabita
693 4337 722 4387 et
733 4337 792 4386 tam
806 4349 841 4386 ex
865 4336 1067 4387 informatione
1083 4337 1146 4401 ipsa
1161 4348 1246 4399 quam
1265 4347 1301 4386 ex

69 4419 135 4471 aliia
147 4419 269 4470 diversis
280 4417 568 4484 praesumptionibus,
578 4418 754 4484 argumentis
773 4417 910 4484 legitimis
930 4420 959 4470 ct
976 4417 1172 4484 probabilibus
1189 4418 1300 4482 conjec-

68 4503 155 4568 turia,
167 4503 268 4557 contra
275 4503 418 4572 praefatos
431 4500 484 4556 Dei
493 4501 559 4556 fidei
571 4502 601 4553 et
617 4503 736 4559 naturae
747 4500 846 4558 hostes
864 4503 891 4557 et
904 4501 1020 4558 humani
1031 4501 1154 4558 foederis
1165 4500 1296 4556 inimicos
