3188 5340
626 520 731 575 ANNO
751 520 813 572 1336
1299 519 1334 573 93

104 685 370 754 wmkaaamheid
394 705 473 753 over
496 687 578 754 haar
593 687 642 755 uit
657 692 692 754 te
708 686 856 754 coisnon.
875 687 1028 773 Degsnsn
1044 685 1147 754 onder
1162 685 1255 766 haar,
1276 685 1327 753 dis

99 787 164 856 den
182 789 416 877 karkvoogden
433 812 475 857 en
498 790 801 880 parochiepastoors
824 791 1085 877 ongehooraaam
1102 789 1226 857 zoudsn
1243 809 1328 857 wor-

98 892 164 959 den
181 914 223 960 en
236 895 415 962 verdaehte
431 895 631 962 leerstslsels
646 894 769 961 aouden
791 894 1002 981 aanhangen,
1028 898 1156 961 mosten
1174 897 1242 961 met
1265 893 1329 960 don

98 1001 239 1082 grooten
257 997 407 1065 karkban
424 997 566 1084 gastrait
581 1018 621 1064 en
646 999 679 1064 in
696 997 737 1064 de
753 996 1030 1083 onmogslijlrheid
1045 996 1172 1083 gasteld
1191 996 1327 1063 worden

98 1119 152 1165 om
163 1099 205 1167 da
220 1100 365 1187 gezonds
378 1101 521 1188 schapan
534 1116 567 1168 ts
580 1100 775 1168 basmetten.

316 1263 481 1318 mansueto
493 1271 686 1330 cetraeayant.
700 1261 845 1316 Benedicti
855 1264 898 1328 eij
909 1262 944 1314 de
955 1261 1098 1330 Beybintb.

132 1357 225 1410 Recta
242 1361 316 1411 ratio
328 1374 384 1412 non
396 1361 513 1426 patitur,
527 1362 558 1410 ιιι
570 1361 735 1411 innocentes
747 1360 782 1410 ad
794 1360 875 1424 paria
886 1372 950 1410 cum
971 1359 1136 1410 nocentibus
1152 1359 1324 1424 judicentur.

98 1440 174 1491 Sane
183 1440 276 1492 telicis
287 1442 492 1494 reeordationis
502 1442 631 1493 Clemens
653 1455 726 1507 papa
743 1442 859 1505 quintus
881 1442 1065 1506 predecessor
1087 1443 1193 1503 nomer,
1216 1454 1280 1492 cum
1292 1441 1327 1493 de

98 1521 278 1586 mulieribus,
289 1538 344 1589 que
356 1523 482 1576 Bechine
501 1524 660 1591 vulgariter
680 1527 887 1588 nuncupantur,
906 1522 996 1575 multa
1018 1524 1153 1586 audisset,
1166 1525 1327 1588 presertim,

95 1606 173 1668 quod
186 1618 285 1657 earum
297 1606 392 1670 alique
410 1607 444 1658 de
456 1621 566 1659 summa
584 1606 714 1658 trinitate
734 1608 763 1659 et
774 1607 873 1657 diuina
890 1606 1014 1657 essentia
1025 1606 1171 1671 disputare
1185 1619 1217 1656 ac
1238 1607 1328 1658 eciam

95 1688 246 1752 predicare
257 1693 358 1740 eontra
368 1688 503 1741 articulos
523 1703 639 1754 quoque
656 1689 723 1740 fidei
738 1691 767 1740 et
786 1687 980 1740 ecclesiastica
991 1691 1168 1740 sacramenta
1179 1689 1327 1753 opiniones

94 1769 192 1821 eidem
214 1771 281 1821 fldei
302 1772 459 1823 contrarias
483 1775 512 1823 et
534 1772 591 1823 alia
614 1771 705 1822 multa
727 1770 856 1836 pericula
879 1771 1037 1822 animarum
1066 1771 1211 1836 panteneia
1232 1772 1327 1822 iacere

95 1852 149 1902 sub
159 1853 282 1916 quodam
294 1854 387 1905 tucato
397 1855 558 1905 sanctitatis
571 1853 712 1906 velamine
725 1855 936 1918 presumebant,
946 1853 1093 1917 exquibus
1105 1866 1213 1920 necnon
1226 1856 1255 1906 et
1264 1853 1327 1918 alijs

95 1948 131 1985 ae
148 1934 295 1986 decatum
308 1937 507 1988 inobediencia
516 1937 610 2000 quoad
622 1949 720 1987 earum
732 1934 857 2001 prelatos
867 1937 902 1986 de
914 1936 998 1986 dictis
1015 1934 1181 1987 mulieribus
1193 1935 1326 1998 trequen-

94 2020 143 2068 ter
153 2017 269 2079 auditis,
277 2017 383 2070 habens
396 2032 444 2070 eas
459 2033 515 2071 non
530 2018 649 2084 indigna
665 2019 776 2069 ratione
784 2020 929 2082 suspectas
940 2020 1045 2068 statum
1057 2030 1154 2069 earum
1175 2015 1325 2081 prohiben-

92 2097 164 2148 dum
173 2097 256 2150 duxit
265 2103 404 2165 perpetuo
414 2103 444 2152 et
456 2102 490 2152 ab
505 2100 629 2153 eeclesia
640 2101 694 2152 Dei
706 2101 818 2166 penitus
831 2099 1009 2162 abolendum,
1022 2101 1052 2151 in
1064 2099 1138 2161 illas,
1151 2112 1206 2163 que
1223 2100 1326 2149 statum

92 2179 258 2234 huiusmodi
269 2183 328 2247 jam
340 2186 516 2248 assumptum
532 2186 710 2235 sectarentur
723 2184 844 2235 ulterius
854 2184 902 2234 aut
912 2196 967 2247 que
979 2182 1014 2233 de
1026 2196 1099 2234 nouo
1112 2182 1239 2232 habitum
1249 2194 1326 2232 assu·

90 2265 215 2325 merent,
225 2266 534 2318 excommunicacionis
545 2267 719 2317 sentenciam
731 2266 947 2332 promulgando.

127 2344 244 2409 Verum,
262 2348 329 2411 quia
348 2349 376 2398 in
399 2348 496 2400 multis
514 2349 612 2399 mundi
637 2350 768 2414 partibus
798 2350 865 2400 sunt
892 2347 1014 2413 plurime
1032 2347 1166 2399 mulieres
1194 2343 1327 2396 similiter

88 2428 224 2494 Beghine
236 2429 438 2496 vulgsvocate,
451 2444 572 2495 quarum
583 2431 678 2495 alique
688 2432 716 2482 in
729 2432 863 2497 propriis,
876 2430 971 2494 alique
983 2431 1012 2480 in
1022 2430 1177 2490 conductis,
1188 2426 1282 2491 alique
1292 2427 1322 2478 in

88 2509 290 2559 communibus
302 2509 356 2559 sibi
365 2510 495 2560 domibus
507 2508 668 2560 habitantes
679 2511 766 2561 vitam
779 2511 885 2560 ducunt
896 2509 1054 2570 honestam,
1066 2508 1169 2560 deuote
1186 2503 1321 2558 eeclesias

89 2590 300 2653 frequentando
318 2591 476 2643 diocesanis
489 2591 616 2643 locorum
628 2595 657 2643 et
669 2591 890 2656 parrochialium
908 2604 1023 2642 suarum
1035 2589 1219 2641 ecclesiarum
1228 2588 1320 2639 recto·

88 2672 183 2733 ribus,
196 2673 248 2723 sub
268 2673 370 2736 quibus
393 2674 511 2738 degunt,
535 2677 702 2725 reuerenter
721 2675 865 2731 obediunt,
886 2673 1079 2725 curiositatem
1097 2670 1259 2736 disputandi
1274 2668 1320 2721 vel

87 2755 291 2806 auctoritatem
314 2768 364 2806 seu
388 2758 482 2820 potius
502 2758 695 2810 temeritatem
719 2757 883 2822 predicandi
902 2755 980 2807 nullo
1001 2757 1084 2807 modo
1105 2755 1159 2806 sibi
1182 2754 1321 2818 usurpant

85 2835 135 2888 vel
154 2849 186 2888 se
206 2841 254 2888 aut
275 2837 346 2888 alios
369 2839 510 2904 quoslibet
534 2841 563 2891 in
583 2840 729 2905 premissis
748 2839 929 2905 opinionibus
947 2839 1146 2903 erroribusque
1168 2835 1320 2887 inuoluunt

85 2932 144 2970 nee
155 2918 215 2970 ulla
227 2933 314 2985 super
336 2920 390 2972 hoc
408 2924 451 2971 est
463 2923 512 2972 aut
523 2923 577 2972 tuit
594 2923 717 2987 suspicio
740 2924 840 2973 contra
856 2935 921 2985 easg
938 2935 973 2972 ne
992 2921 1061 2986 ipsis
1073 2918 1174 2971 similis
1200 2930 1320 2970 censura

83 3002 276 3066 constringat,
300 3016 335 3055 ne
356 3003 453 3054 multis
474 3017 580 3065 earum,
605 3018 659 3068 que
682 3005 848 3069 perpetuam
871 3005 946 3056 torte
969 3003 1090 3054 Domino
1110 3000 1318 3053 continenciam

84 3084 279 3147 deuouerunt,
290 3085 400 3136 occasio
413 3087 566 3150 prebeatur
577 3086 613 3137 ad
624 3086 735 3152 lapsum
746 3089 775 3137 et
792 3089 823 3137 ut
835 3086 979 3152 periculis,
990 3084 1118 3149 dampnis
1133 3085 1162 3134 et
1178 3080 1319 3134 scandalis

83 3165 230 3230 plurimis,
242 3180 297 3232 que
310 3168 429 3233 proinde
441 3167 638 3221 verisimiliter
650 3170 848 3232 sequerentur,
866 3168 1030 3234 prouisione
1047 3166 1194 3217 moderata
1216 3163 1318 3229 proui-

82 3249 210 3314 deattrr3

120 3329 179 3381 Nos
198 3329 341 3396 Beghinas
359 3329 521 3382 huiusmodi
543 3346 598 3383 non
615 3331 782 3398 culpabiles,
796 3334 828 3383 ιιι
839 3331 1025 3397 premittitur,
1045 3344 1097 3382 nec
1108 3328 1252 3394 suspectas
1265 3327 1318 3378 sub

80 3410 280 3478 prohibitione
292 3416 321 3464 et
340 3413 494 3465 abolitione
510 3414 713 3478 premissorum
732 3414 767 3465 de
789 3416 911 3465 iratmm
929 3415 1091 3464 nostrorum
1103 3409 1222 3462 consilio
1240 3409 1318 3461 volu·

82 3508 151 3545 mus
169 3507 225 3546 non
245 3494 361 3557 includi,
380 3495 507 3548 locorum
532 3495 735 3547 nichilominus
758 3497 911 3560 ordinarle
931 3495 1123 3561 iniungentes,
1147 3496 1178 3544 ut
1198 3506 1246 3545 eas
1266 3493 1318 3543 sub

79 3578 217 3643 pretextu
236 3577 437 3643 prohibitionis
472 3580 501 3631 et
520 3578 684 3630 abolitionis
704 3579 875 3641 huiusmodi,
898 3591 1045 3642 quousque
1068 3577 1103 3628 de
1121 3578 1196 3628 statu
1220 3588 1318 3627 aarum

80 3661 177 3711 tuerit
188 3658 271 3711 aliter
283 3675 335 3725 per
357 3663 455 3714 sedem
477 3662 662 3727 apostolicam
682 3664 838 3727 prouisum,
862 3661 1026 3713 nullatenus
1039 3661 1185 3714 molestari
1202 3660 1318 3726 permit
1354 3688 1357 3694 -

79 3743 157 3794 tant.
183 3741 254 3794 Etsi
273 3745 341 3806 quid
363 3745 459 3796 lorsan
481 3759 515 3796 ex
530 3744 583 3796 hoc
600 3746 630 3796 in
642 3747 780 3809 personis,
793 3746 823 3795 in
836 3745 917 3796 bonis
934 3747 983 3795 aut
1001 3745 1113 3808 iuribus
1125 3744 1183 3794 suis
1203 3743 1317 3807 quibus-

79 3838 207 3889 cumque
218 3827 318 3876 contra
339 3840 387 3878 eas
405 3829 603 3892 attemptatum
621 3829 659 3878 sit
678 3827 813 3879 hactenus
830 3826 874 3878 vel
888 3828 1085 3891 attemptatum
1102 3826 1276 3891 contingerit
1287 3825 1317 3876 in

78 3909 224 3970 futurum,
237 3907 290 3958 hoc
302 3921 354 3973 per
365 3909 508 3974 predictos
518 3909 679 3961 ordinarios
699 3911 868 3962 auctoritate
883 3911 980 3961 nostra
992 3910 1027 3961 ad
1045 3911 1149 3960 statum
1165 3908 1316 3974 pristinum

78 3987 216 4041 volumus
225 3989 332 4052 reduci,
342 3993 428 4042 etiam
441 3993 550 4053 vocato,
563 3993 587 4044 si
597 4005 713 4045 necesse
724 3993 822 4054 tuerit,
835 3991 951 4043 brachio
964 3991 1097 4043 seculari.

116 4071 179 4123 Per
199 4071 253 4123 hoc
276 4074 370 4125 tamen
387 4076 492 4125 statum
517 4074 710 4141 Beghinarum
730 4073 892 4126 nullatenus
913 4087 948 4126 ex
973 4075 1120 4140 premissis
1143 4073 1316 4126 intendimus

77 4153 401 4221 approbare310corum
420 4157 516 4208 autem
537 4157 697 4208 ordinarios
709 4160 738 4207 et
755 4156 836 4216 alios,
851 4156 886 4207 ad
904 4170 975 4219 quos
986 4156 1115 4221 predicta
1138 4155 1313 4220 spectabunt,

76 4249 183 4288 curam
193 4236 366 4302 peruigilem
383 4240 411 4288 et
432 4236 659 4289 sollicitudinem
678 4239 803 4290 debitam
820 4238 993 4303 precipimus
1010 4237 1156 4300 adhibere,
1177 4240 1208 4288 ut
1225 4237 1316 4289 dictas

76 4317 219 4370 mulieres
228 4322 362 4370 moneant
373 4320 424 4370 sub
434 4333 508 4385 pena
520 4320 838 4383 excommunicacionis,
848 4334 933 4384 quam
945 4321 1006 4385 ipso
1018 4322 1093 4372 iacto
1105 4333 1154 4371 eos
1165 4320 1314 4372 incurrere

75 4401 223 4463 volumus,
245 4402 269 4452 si
290 4404 390 4454 contra
407 4402 537 4465 iecerint,
561 4403 661 4468 eisque
679 4403 808 4455 districte
829 4404 881 4454 sub
893 4403 993 4456 eadem
1014 4416 1087 4468 pena
1098 4403 1267 4467 precipiunt,
1282 4405 1314 4453 ut

74 4485 152 4551 ipsis
161 4484 313 4549 ordinariJs
322 4485 459 4536 etesium
468 4485 691 4550 parrochialium
706 4486 892 4538 eeclesiarum
904 4486 1067 4538 rectoribus
1075 4487 1243 4538 reuerentes
1252 4486 1316 4538 obe·

74 4569 164 4621 diant
180 4570 210 4621 et
221 4581 257 4621 ne
274 4568 431 4633 primarum
448 4570 598 4634 sequentes
610 4571 640 4622 in
658 4571 705 4623 via
728 4571 758 4623 et
768 4570 895 4636 ipsarum
912 4570 993 4622 actus
1000 4568 1167 4622 temerarios
1176 4568 1314 4622 imitando
