3188 5340
599 114 703 170 ANNO
721 113 783 166 1401
1247 107 1292 161 101

69 283 322 373 ongesehonden
337 281 430 351 hesit
443 280 627 363 bevonden,
646 300 806 348 wanneer
824 279 883 346 het
899 297 939 364 op
954 276 999 345 26
1015 281 1185 365 Augustus
1204 277 1286 345 1401

67 389 100 456 in
123 389 166 456 de
180 385 481 457 st-Lebninnskerk
496 389 531 452 te
547 388 710 454 Derenter
734 383 783 451 uit
797 382 837 450 de
861 380 992 449 handen
1015 400 1079 449 ran
1106 380 1201 447 Malis
1225 399 1289 448 ran

65 492 206 574 auehe,
236 491 388 581 priester,
406 489 498 558 werd
530 496 717 574 ontvangen
748 486 828 553 door
857 487 1022 553 Lammert
1050 505 1112 552 van
1139 482 1291 566 Randen,

64 595 258 665 ambtenaar
272 614 337 662 vau
354 592 416 661 den
433 591 643 661 aartadieken
661 589 823 657 derzelide
839 588 951 675 kerk).

95 709 130 762 In
142 709 257 761 nomine
269 707 383 760 Domini
395 721 486 759 amen.
506 707 564 759 Per
573 705 628 757 boc
640 718 774 771 praesens
786 703 932 769 publicum
951 702 1169 754 instrumentum
1182 700 1290 751 cunctis

64 793 162 856 pateat
175 792 333 852 evidenter,
342 792 416 854 quod
426 805 477 841 uos
488 789 656 841 Lambertns
668 789 702 838 de
712 786 843 847 Randen,
854 785 983 837 officialis
993 786 1088 836 curiae
1098 783 1290 836 archidiaconi

63 873 203 926 ecclesiae
213 875 304 925 sancti
314 873 433 925 Lebuini
443 871 665 932 Darentricusis,
675 869 866 934 Trajectensis
876 869 1022 929 dioecesis,
1033 868 1168 931 quasdam
1178 867 1289 918 litteras

62 956 214 1008 reverendi
243 957 273 1007 in
293 956 406 1007 Christo
429 955 520 1019 patris
540 968 573 1005 ac
597 954 703 1004 domini
724 953 813 1002 nostri
834 951 942 1002 demini
965 950 1110 1001 Frederici
1134 950 1168 1000 de
1189 948 1289 1000 Blane·

62 1038 209 1101 kenheim,
223 1038 277 1089 Dei
296 1039 385 1103 gratia
398 1037 525 1102 episcopi
543 1035 744 1100 Trajectensis,
765 1048 847 1085 sanas
859 1036 888 1084 et
900 1034 1037 1098 integras,
1050 1046 1105 1083 non
1118 1031 1288 1083 cancellatas

62 1134 116 1173 nee
127 1119 249 1173 abolitas
260 1132 314 1172 nec
326 1120 451 1181 abrasas,
466 1120 515 1171 sed
528 1119 604 1170 omui
617 1131 733 1183 prorsus
750 1117 818 1168 vitio
836 1117 865 1168 et
881 1115 1051 1181 suspicione,
1068 1117 1100 1166 ut
1111 1115 1204 1180 prima
1214 1113 1289 1166 iacis

62 1203 206 1268 apparuit,
224 1203 363 1263 camntes,
376 1203 438 1267 ejus
449 1215 516 1254 vero
536 1200 642 1267 sigillo,
658 1199 733 1265 quod
750 1200 813 1252 erat
830 1200 865 1251 de
883 1211 948 1250 cera
964 1198 1063 1260 rubea,
1081 1197 1220 1264 sigillatas
1237 1209 1289 1263 per

62 1287 219 1337 discretum
231 1285 323 1336 virum
335 1284 479 1335 dominum
491 1283 627 1335 Amilium
639 1282 675 1335 de
686 1282 802 1344 Assohe,
815 1283 1014 1347 presbyterum
1029 1280 1120 1331 dictae
1138 1280 1286 1341 dioecesis,

61 1368 239 1433 suscepimus
250 1368 475 1433 praesentatas...
486 1381 493 1430 3
506 1379 627 1430 quorum
637 1367 720 1417 tenor
732 1366 767 1418 de
778 1365 864 1417 verbo
883 1364 919 1416 ad
935 1364 1052 1416 verbum
1064 1363 1193 1428 seqnitur
1204 1364 1234 1415 et
1245 1364 1288 1416 est

61 1449 148 1502 talis:

93 1533 266 1585 Fredericus
283 1533 318 1584 de
336 1530 558 1592 Blanclrenhem,
577 1531 630 1582 Dei
647 1531 741 1597 gratia
760 1531 909 1597 episcopus
927 1529 1127 1595 Traiectensis,
1146 1527 1286 1581 universis

60 1618 177 1668 nostrae
188 1615 350 1667 ordinariae
361 1614 493 1680 potestati
506 1614 671 1679 subjectis...
686 1612 838 1665 salutem...

93 1697 215 1750 Noverit
231 1697 400 1749 universitas
416 1697 520 1759 vestra,
539 1697 613 1760 qnod
631 1695 770 1758 nonnulli,
788 1695 848 1748 zelo
869 1696 1027 1747 devotionis
1048 1695 1119 1747 moti
1138 1695 1168 1746 et
1189 1707 1286 1748 amore

61 1780 151 1830 divini
171 1778 273 1841 cultus,
293 1792 380 1844 super
399 1781 473 1831 statu
497 1779 682 1843 quarumdam
703 1791 888 1842 personarum
909 1780 1023 1831 nostrae
1045 1777 1181 1830 dioecesis
1201 1790 1286 1831 sexus

60 1862 220 1926 utriusque,
233 1875 305 1925 quae
319 1861 430 1913 divisim
443 1862 497 1912 viri
509 1861 621 1912 divisim
632 1859 768 1913 mulieres
780 1860 893 1912 insimul
907 1861 936 1911 in
949 1861 1007 1912 suis
1019 1862 1148 1913 domibus
1160 1873 1285 1911 commo-

60 1945 172 2006 rantur,
185 1943 266 1995 nobis
278 1943 426 1996 humiliter
438 1944 655 2009 proposuerunt,
669 1944 744 2008 quod
755 1941 932 2007 frequentius
944 1943 1036 1994 dictam
1048 1955 1186 2007 personae
1197 1942 1283 1994 vitam

60 2028 193 2079 suamet
214 2027 328 2078 modum
351 2027 463 2078 urendi
482 2025 613 2091 plurimis
635 2026 703 2077 viris
721 2025 856 2076 litteratis
876 2026 905 2076 et
930 2023 1165 2091 intelligentibus,
1186 2038 1284 2078 sacrae

61 2107 226 2175 theologiae
243 2108 377 2159 videlicet
393 2110 423 2161 et
438 2107 535 2175 legum
553 2122 586 2160 ac
603 2109 782 2160 decretorum
799 2107 962 2159 doctoribus
973 2109 1002 2159 et
1013 2107 1166 2160 licentiatis
1178 2108 1283 2160 exami-

60 2190 185 2242 nandam
196 2192 226 2242 et
242 2190 447 2243 discutiendam
463 2191 493 2242 iu
510 2191 623 2256 seriptis
640 2204 725 2242 causa
745 2190 857 2241 consilii
873 2191 1062 2255 tradiderunt,
1079 2191 1210 2255 quodque
1226 2191 1281 2255 ipsi

61 2275 159 2324 sacrae
176 2271 349 2338 theologiae,
368 2272 464 2338 legum
483 2275 511 2324 et
523 2274 702 2325 decretorum
715 2274 844 2326 doctores
856 2273 928 2325 nihil
945 2275 975 2325 in
993 2272 1038 2324 bis
1055 2272 1197 2336 illicitum,
1210 2272 1282 2325 nihil

61 2355 165 2406 divinis
176 2355 325 2419 scripturis
337 2356 481 2408 dissonum
494 2368 543 2406 seu
556 2357 644 2407 sacris
656 2357 811 2408 canonibus
822 2357 1003 2421 reprobatum
1023 2357 1208 2421 invenientes,
1219 2357 1284 2422 post

61 2436 229 2503 diligentem
241 2437 479 2489 examinationem
497 2438 610 2503 scriptis
628 2440 657 2491 et
673 2439 924 2503 approbationibus
940 2452 1038 2491 eorum
1051 2438 1154 2505 sigillis
1166 2439 1283 2490 munitis

60 2519 254 2583 praefatarum
263 2532 447 2584 personarum
461 2520 574 2572 modum
587 2521 697 2573 vivendi
707 2520 817 2572 licitum
827 2524 856 2572 et
868 2521 1045 2573 meritorium
1058 2521 1280 2585 confirmabant3

59 2601 86 2653 in
98 2602 182 2666 cujus
194 2602 280 2653 etiam
297 2603 340 2654 rei
359 2603 550 2654 testimonium
569 2603 731 2656 eorumdem
750 2603 897 2654 doctorum
915 2602 1025 2656 litteras
1042 2602 1182 2669 sigillatas
1199 2603 1280 2655 nobis

57 2684 285 2747 praesentarunt.

86 2765 206 2830 Verum,
223 2766 290 2831 quia
307 2766 388 2818 nobis
405 2767 568 2833 specialiter
584 2767 722 2819 incumbit
739 2780 824 2835 super
841 2767 1002 2833 hujusmodi
1020 2781 1205 2833 personarum
1223 2769 1281 2820 vita

56 2847 219 2913 disponere,
225 2850 286 2901 tum
298 2862 333 2901 ex
345 2843 513 2902 auctoritate
523 2850 621 2901 nostra
632 2850 775 2901 ordinaria
787 2852 847 2901 tum
860 2863 895 2902 ex
907 2850 1105 2901 commissione
1114 2850 1280 2916 apostolica,

57 2930 104 2994 qni
120 2943 254 2996 supereo
266 2933 439 2997 suscepimus
455 2933 561 2984 domini
579 2932 711 2998 Gregorii
728 2931 795 2983 olim
813 2945 904 2996 papae
921 2931 962 2984 XI
980 2931 1132 2996 specialem
1150 2933 1279 2985 commis·

57 3012 186 3091 sionem3
203 3013 259 3078 ipsi
275 3027 326 3078 pro
344 3016 424 3079 parte
445 3015 584 3067 dictarum
601 3027 786 3078 personarum
804 3014 886 3065 nobis
905 3013 1053 3066 humiliter
1073 3013 1278 3081 supplicabant,

58 3095 198 3159 quatenus
208 3095 294 3148 etiam
307 3110 358 3148 nos
371 3097 595 3163 inaugmentum
613 3095 706 3148 cultus
724 3096 822 3159 divini,
840 3096 870 3147 iu
887 3097 1023 3159 taronem,
1041 3109 1140 3163 pacem
1158 3098 1187 3149 et
1198 3099 1278 3149 trau·

57 3175 230 3241 quillitatem
239 3178 376 3231 dictarum
388 3193 573 3244 personarum
586 3180 712 3231 nostrum
723 3179 907 3245 dignaremur
918 3177 1053 3232 adhibere
1066 3193 1233 3232 consensum
1246 3193 1278 3230 ac

56 3260 153 3322 etiam,
166 3260 192 3312 si
203 3274 260 3325 qus
271 3274 341 3327 opus
353 3265 437 3325 esset,
450 3263 612 3328 praedictae
624 3261 800 3314 auctoritatis
821 3262 850 3313 et
869 3262 1076 3314 commissionis
1089 3261 1233 3314 licentiam
1249 3263 1279 3315 et

55 3342 290 3409 approbationem
302 3343 452 3409 impertiri.

86 3425 149 3477 Nos
160 3437 229 3477 vero
240 3425 324 3490 hujus
335 3427 413 3478 modi
424 3427 555 3493 petitioni
567 3428 665 3492 utpote
683 3425 845 3478 rationabili
863 3428 1020 3480 annuentes
1037 3428 1067 3481 et
1084 3427 1276 3492 subjectorum

54 3508 220 3559 nostrornm
244 3508 386 3561 devotioni
408 3510 510 3562 merito
534 3509 753 3576 congaudentes,
776 3511 913 3574 praelatis
941 3511 1070 3574 personis
1098 3509 1219 3561 ubilibet
1246 3509 1276 3559 in

54 3589 181 3643 dioecesi
190 3592 287 3643 uostm
298 3592 459 3643 constitutis
471 3605 520 3664 seu
532 3591 696 3654 insimul,ut
708 3592 910 3657 praemittitur,
923 3591 1277 3657 habitantibus,praedicta

54 3673 228 3725 auctoritate
240 3675 336 3726 nostra
348 3675 492 3726 ordinaria
502 3673 586 3726 simul
600 3675 628 3727 et
640 3673 794 3739 apostolica
805 3675 887 3725 nobis
904 3675 933 3726 in
949 3674 1003 3727 hac
1019 3677 1100 3739 parte
1117 3675 1275 3736 commissa,

54 3755 158 3806 damus
168 3757 198 3807 et
207 3755 396 3818 concedimus,
406 3757 430 3808 si
442 3771 497 3821 qua
509 3755 565 3809 alia
578 3770 647 3822 opus
657 3756 744 3809 inerit
752 3758 868 3821 praeter
880 3757 990 3809 divinae
999 3757 1073 3824 legis
1082 3759 1112 3810 et
1121 3757 1194 3822 juris
1202 3770 1276 3808 com·

52 3838 160 3900 munis,
180 3836 325 3890 licentiam
345 3841 375 3891 et
393 3839 626 3904 approbationem
646 3837 808 3904 specialem,
828 3838 1008 3891 licentiantes
1027 3842 1056 3891 et
1078 3838 1275 3901 concedentes,

51 3919 130 3985 quod
139 3920 219 3986 ipsae
228 3922 373 3985 praelatae
381 3921 690 3986 personae,secundnm
698 3921 773 3986 quod
780 3920 894 3974 litterae
904 3921 1081 3974 dominorum
1090 3923 1119 3973 et
1128 3922 1276 3973 doctorum

50 4001 136 4054 nobis
153 4004 351 4067 praesentatae
362 4004 554 4067 continebant,
572 4005 683 4070 possint
694 4003 778 4055 simul
790 4003 887 4068 plnres
904 4005 933 4055 in
952 4004 1049 4056 eadem
1062 4004 1145 4055 domo
1164 4004 1276 4056 cohabi-

49 4085 124 4147 tare,
134 4084 168 4136 ut
179 4085 307 4138 securim
319 4086 380 4138 Deo
389 4087 514 4138 serviant
522 4088 551 4139 et
560 4086 735 4138 commodius
745 4087 850 4150 vivant,
861 4085 945 4138 simul
955 4085 1103 4139 comedere
1112 4088 1141 4139 et
1150 4087 1275 4152 propris,

48 4168 76 4221 si
87 4180 147 4233 qua
156 4165 271 4237 habant,
284 4169 398 4234 atquae
409 4168 445 4222 de
456 4168 602 4222 laboribus
614 4169 774 4235 acquhunt,
787 4169 824 4222 ad
835 4169 955 4223 invicem
967 4167 1057 4223 libere
1067 4169 1277 4222 communicare
