3188 5340
538 517 641 570 Anno
655 515 801 566 -1175-117'1
1249 514 1283 566 27

69 681 267 735 consolationis.
282 682 370 734 «Non
382 681 474 745 multi,
488 682 590 747 inquit,
601 679 721 742 nobiles,
741 694 797 731 non
808 678 891 731 multi
901 680 1053 744 sapientes.
1066 680 1114 731 sed
1126 692 1182 743 que
1194 679 1281 733 stulta

66 768 121 817 sunt
131 766 240 827 mundi,
252 763 341 832 elegit
353 765 439 828 Deus,
448 767 480 817 ιιι
489 765 642 816 contundat
653 764 795 828 sapientes
805 779 812 827 3
823 764 852 814 et
860 763 974 813 infirma
985 764 1083 814 mnndi
1095 761 1183 828 elegit
1193 762 1279 825 Deus,

63 853 90 900 ut
98 849 253 900 contundat
263 849 365 912 lortia;
374 849 404 900 et
416 846 557 913 ignobiles
569 848 598 898 et
610 845 848 911 contemptibiles,
859 846 888 897 et
910 859 944 897 ea
964 859 1020 910 que
1042 859 1099 896 non
1110 847 1185 907 sunt,
1198 847 1230 896 ιιι
1247 859 1282 898 ea

62 944 108 995 que
127 932 205 992 sunt,
229 931 423 982 destrueret.»
444 929 559 991 Verum,
573 929 618 981 his
630 931 751 989 omissis,
773 929 797 979 si
815 927 996 992 quidcunque
1016 928 1129 979 virtutis
1151 931 1180 980 et
1198 927 1281 980 laude

60 1015 173 1079 dIgnum
181 1027 270 1079 penes
277 1025 431 1079 pauperem
441 1014 469 1064 et
482 1012 620 1064 modicam
629 1014 759 1076 matrem,
774 1009 882 1078 [penes]
895 1024 988 1061 meam
999 1024 1045 1063 me
1055 1010 1159 1062 vidisse
1171 1014 1281 1064 certum

32 1103 35 1110 ’
58 1099 136 1148 teneo
149 1096 347 1148 obaudisse...
359 1094 394 1162 (1)
412 1097 580 1160 temptorem
599 1093 754 1156 revolvere,
774 1093 938 1159 arrogantie
952 1093 1043 1159 magis
1057 1105 1141 1159 quam
1152 1095 1281 1145 veritatis

57 1179 205 1231 ambitioni
216 1179 251 1230 ab
270 1177 412 1242 aliquibus
430 1178 559 1229 fortassis
569 1178 710 1242 iudicarat
721 1177 868 1228 inservire.

85 1262 223 1325 Sequens,
236 1264 267 1312 ut
279 1261 412 1322 arbitror,
426 1262 595 1313 invectionis
612 1260 767 1326 capitulum
784 1262 920 1325 continet,
939 1261 1014 1325 quod
1031 1261 1152 1326 gradum
1163 1263 1279 1328 presby·

56 1347 161 1396 teratus
173 1344 292 1410 indigne
303 1358 348 1395 me
358 1345 515 1408 suscepisse
527 1345 664 1396 confitens
682 1357 715 1394 eo
728 1345 834 1408 privari
852 1346 886 1395 ab
899 1344 1031 1410 episcopo
1049 1357 1112 1396 meo
1124 1345 1281 1409 postulave·

56 1428 106 1478 rim
125 1431 156 1478 et
174 1426 357 1491 optinuerim.
377 1426 458 1485 Quod
476 1427 575 1490 utique
598 1439 633 1477 ex
650 1431 731 1491 parte
743 1440 841 1477 verum
862 1428 1010 1491 confiteor,
1031 1440 1066 1478 ex
1083 1430 1165 1492 parte
1182 1429 1280 1494 utpote

56 1508 155 1560 laisum
175 1507 296 1558 inficior.
316 1507 454 1571 Equidem
474 1519 519 1559 me
540 1522 596 1559 non
617 1521 696 1559 mera
707 1509 870 1560 inventione
887 1508 1007 1573 gradum
1030 1506 1105 1560 hune
1123 1511 1280 1575 suscepisse

56 1593 187 1656 episcopo
199 1602 263 1642 meo
275 1591 421 1641 confessus
438 1604 518 1654 sum3
537 1592 586 1642 sed
599 1603 689 1654 neque
702 1604 735 1642 eo
753 1605 798 1641 me
816 1592 922 1655 privari
940 1592 1056 1655 petiisse
1073 1593 1122 1643 aut
1139 1594 1280 1658 privatum

55 1675 148 1734 luisse,
171 1686 264 1736 neque
281 1687 326 1725 me
344 1673 423 1734 mihi,
448 1675 520 1725 sicut
537 1674 592 1738 ipsi
609 1674 756 1737 obJIciunt,
778 1673 938 1724 restituisse
956 1675 1005 1724 aut
1032 1675 1145 1726 restitui
1164 1689 1280 1729 necesse

57 1755 196 1816 babuisse,
210 1756 316 1820 quippe
328 1756 378 1819 qui
388 1769 421 1807 eo
433 1756 585 1807 destitutus
596 1769 738 1821 nunquam
750 1757 871 1815 fueram,
885 1755 1048 1805 constanter
1060 1759 1210 1821 protestor.
1223 1758 1278 1811 Sed

57 1838 97 1888 hic
119 1851 179 1902 qua
200 1839 295 1889 monte
315 1850 444 1889 asserere
460 1839 661 1904 temptaverint
673 1852 728 1889 non
740 1837 809 1888 satis
821 1836 957 1887 admirari
976 1837 1094 1888 sufficio.
1113 1838 1184 1890 Sunt
1203 1841 1280 1891 enim

57 1923 108 1984 jam
120 1920 190 1972 anni
202 1920 318 1971 circiter
329 1920 411 1981 XIII,
423 1933 459 1971 ex
471 1934 527 1984 quo
539 1920 611 1973 hanc
623 1921 679 1971 leci
691 1920 908 1980 contessionem,
926 1920 1003 1969 inira
1014 1933 1087 1983 quos
1099 1921 1128 1971 in
1140 1924 1280 1974 conventu

58 2017 151 2054 eorum
172 2001 342 2054 multociens
366 2005 545 2054 sacramenta
566 2002 715 2054 Dominica
737 2001 888 2062 celebravi,
919 2001 1051 2067 quodque
1075 2004 1166 2067 majus
1185 2006 1227 2055 est
1245 2006 1280 2056 ed

59 2099 153 2137 eorum
171 2086 404 2146 confutationem,
426 2086 555 2137 canonici
569 2086 603 2136 de
622 2085 724 2136 Sancto
742 2084 841 2147 Paulo,
856 2098 977 2148 quorum
995 2087 1048 2137 iste
1069 2100 1141 2137 unus
1158 2088 1279 2149 videtur,

59 2169 197 2233 quandam
214 2166 365 2219 ecclesiam
381 2181 461 2219 suam
479 2167 550 2219 mihi
568 2166 741 2230 locaverunt,
760 2167 789 2218 in
809 2184 865 2233 qua
884 2183 936 2237 per
953 2171 1107 2221 triennium
1124 2168 1281 2223 honorifice

61 2251 115 2302 Deo
132 2250 163 2302 et
180 2248 293 2300 utiliter
309 2248 428 2301 ecclesie
446 2252 637 2310 conversatus,
651 2249 778 2314 laqueari
791 2252 881 2316 ipsius
902 2256 930 2306 et
947 2252 1081 2304 fenestris
1100 2251 1279 2310 constructis,

61 2333 135 2384 rimis
151 2345 301 2384 murorum
312 2332 504 2393 consolidatis,
517 2332 705 2384 luminaribus
717 2346 865 2384 cereorum
884 2334 1028 2400 ampliatis
1046 2335 1074 2385 et
1091 2334 1179 2383 totius
1191 2333 1280 2384 divini

61 2415 148 2467 cultus
159 2415 320 2466 ministerio
338 2413 498 2476 meliorato,
512 2416 547 2466 ad
564 2414 696 2465 ultimum
715 2430 769 2466 non
788 2417 868 2480 quasi
881 2417 1009 2481 privatus
1022 2416 1125 2475 officio,
1139 2416 1188 2466 sed
1200 2417 1280 2479 quasi

60 2497 171 2549 solitum
183 2497 304 2549 ecclesie
316 2511 431 2549 censum
444 2510 551 2563 augere
564 2496 652 2558 nolui,
672 2498 706 2548 ab
719 2498 761 2548 eis
778 2512 840 2548 sum
859 2502 979 2549 amotus.
1000 2498 1029 2549 Si
1051 2499 1146 2561 itsque
1164 2495 1281 2547 etmihi

61 2584 170 2648 iniquus
193 2584 311 2649 gravato
335 2581 435 2633 Daniel
460 2584 509 2633 aut
530 2581 633 2646 aliquis
646 2583 707 2645 eJus
730 2581 853 2633 hominis
870 2583 1002 2647 spiritum
1020 2582 1216 2642 suscitaretur,
1233 2580 1281 2643 qui

60 2665 200 2717 subtiliter
211 2665 356 2728 querendo
369 2664 511 2724 indicium,
530 2666 559 2715 et
575 2676 611 2714 ex
623 2663 705 2714 dictis
720 2676 819 2714 eorum
837 2677 933 2728 opera,
953 2666 981 2714 et
1000 2676 1036 2714 ex
1053 2662 1185 2726 operibus
1206 2661 1282 2712 dicta

60 2748 244 2806 subverteret,
262 2747 292 2797 in
310 2745 430 2800 salutem
447 2746 593 2811 sanguinis
614 2745 724 2796 innoxii
741 2746 949 2796 testificationis
967 2745 1052 2810 hujus
1068 2745 1171 2796 leditas
1188 2743 1281 2795 locum

61 2831 177 2882 ulterius
197 2828 305 2880 latendi
325 2826 435 2879 nullum
457 2829 571 2893 penitus
595 2826 700 2879 habere
729 2826 845 2879 valeret.
873 2828 1019 2888 Quomodo
1047 2829 1124 2880 enim
1151 2830 1282 2879 constare

60 2914 159 2976 potest,
181 2912 205 2962 si
221 2926 320 2964 verum
343 2913 449 2972 dicunt,
470 2912 596 2962 ordinem
613 2910 683 2962 mihi
701 2913 913 2976 presbyteratus
930 2911 1056 2963 ablatum
1073 2911 1234 2971 asserendo,
1248 2913 1280 2961 ut

61 2994 208 3048 eeclesiam
217 3008 299 3046 suam
310 2993 380 3046 mihi
392 2982 472 3058 quasi
492 2994 616 3044 officium
634 2992 750 3045 habenti
763 2992 941 3045 locaverIntl
963 2995 1020 3044 Aut
1043 2994 1066 3043 si
1089 3005 1155 3044 vere
1173 2991 1283 3043 locave-

60 3079 123 3138 rint,
134 3077 276 3141 quomodo
288 3077 429 3127 constabit
438 3089 499 3127 esse
508 3089 607 3126 verum
619 3076 695 3139 quod
708 3076 823 3126 dicuntt

88 3159 176 3211 Aliud
200 3171 312 3223 quoque
330 3159 484 3222 subjiciunt
495 3157 660 3223 capitulum,
674 3158 748 3221 quod
760 3156 829 3208 mihi
851 3159 879 3207 in
898 3157 1018 3208 concilio
1036 3155 1165 3222 generali
1177 3170 1282 3208 sermo·

60 3257 122 3294 nem
146 3256 203 3294 non
224 3243 302 3306 Jusso
323 3242 438 3293 facienti
462 3241 624 3293 Alexander
648 3241 795 3305 episcopus
816 3242 915 3304 postea
937 3239 1083 3291 silentium
1105 3240 1281 3304 imposuerIt.

59 3325 139 3385 Quod
158 3326 265 3377 etenim
288 3324 429 3389 superiori
444 3336 542 3374 eorum
556 3323 696 3374 sententie
709 3323 938 3373 manifestissime
951 3322 1059 3373 obviari
1072 3322 1280 3387 comprobatur.

59 3408 186 3469 sienim,
200 3408 332 3468 utaiunt,
346 3407 439 3457 officio
457 3406 592 3471 privatus,
614 3405 643 3455 id
662 3406 754 3456 denuo
772 3419 907 3469 usurpare
920 3406 1126 3470 presumebsm,
1144 3404 1283 3468 quomodo

58 3490 129 3541 mihi
142 3491 223 3554 qnasi
235 3490 402 3555 presbytero
419 3490 582 3554 impositum
599 3491 643 3538 est
659 3487 814 3548 silentium,
832 3488 882 3552 qui
900 3487 994 3552 potius
1012 3488 1048 3539 de
1065 3488 1159 3540 edicio
1177 3490 1283 3540 temere

57 3570 119 3624 sine
131 3572 223 3638 gradu
235 3573 399 3636 presumpte
421 3570 537 3636 pulsari,
560 3571 643 3636 argui
660 3574 689 3621 et
705 3570 828 3633 judicari
846 3570 1018 3622 debuerami
1038 3570 1175 3621 Advertst
1194 3571 1284 3635 igitur

57 3655 216 3721 prudenter
227 3655 318 3705 omnis
339 3654 466 3706 eruditus
484 3653 513 3704 et
524 3654 636 3717 sapiens
653 3653 841 3704 accusationis
858 3651 943 3715 hujus
960 3652 1188 3704 criminationem
1205 3653 1234 3703 in
1252 3666 1282 3703 se

56 3738 120 3802 ipso
128 3737 259 3799 divisam,
273 3737 427 3788 secundum
445 3735 599 3787 Salvatoris
611 3735 735 3786 edictum
759 3734 846 3799 digne
870 3734 1061 3795 desolandam,
1086 3736 1283 3799 sententiaque

56 3819 146 3884 super
157 3819 329 3870 seutentiam
349 3819 509 3879 comuente,
523 3832 578 3869 non
591 3816 662 3868 alios
674 3830 759 3881 quam
777 3818 821 3867 sui
838 3818 993 3868 assertores
1010 3830 1092 3882 posse
1110 3816 1283 3882 opprimere.

56 3901 142 3954 Unde
165 3903 260 3953 autem
281 3901 458 3952 occasionem
480 3900 637 3966 derogandi
661 3899 832 3965 acceperint,
856 3912 912 3950 non
934 3900 1139 3951 abscondama
1162 3898 1283 3951 concilio

56 3988 164 4037 vestro.
178 3984 240 4050 Ego
252 3983 396 4049 quaedam
414 3985 480 4036 ante
492 3982 601 4046 aliquot
618 3997 707 4035 annos
727 3984 809 4034 caute
829 3982 969 4046 instituta,
982 3981 1092 4033 utiliter
1109 3981 1283 4046 aliquamdiu

54 4068 182 4128 servata,
193 4069 260 4117 tuuc
271 4079 339 4117 vero
352 4052 488 4131 temporis
506 4067 618 4130 penitus
631 4064 763 4131 neglecta
773 4067 802 4117 et
814 4062 957 4125 convulsa,
975 4078 1027 4130 per
1037 4063 1190 4117 concilium
1201 4063 1281 4125 illud,

55 4151 93 4202 de
105 4163 164 4214 quo
176 4149 282 4214 agitur,
292 4151 321 4200 et
333 4150 359 4199 ei
369 4149 559 4214 presidentem
571 4148 851 4214 episcopum,sitiens
860 4150 889 4199 et
898 4160 1014 4213 sperans
1023 4161 1106 4214 posse
1116 4149 1283 4211 restaurari,

54 4230 247 4298 pronunciavi
270 4233 502 4297 presbyterorum
531 4230 606 4282 tilios
631 4232 730 4283 contra
755 4242 895 4283 οιιιιοιιιιιιι
922 4231 1097 4283 sanctionem
1125 4233 1154 4283 et
1174 4244 1284 4284 morem

87 4488 127 4557 (1)
144 4487 214 4540 Hier
222 4487 349 4553 schipnen
368 4491 415 4554 mij
429 4491 530 4556 eenige
541 4489 676 4542 woorden
687 4488 758 4540 door
771 4490 824 4544 deu
837 4487 1027 4624 stscbrijver
1020 4500 1049 4542 ιιι
1068 4485 1088 4536 ἰ
1104 4483 1282 4541 handschritt

54 4570 267 4640 osergeslsgen
279 4574 307 4625 te
318 4572 373 4639 ztjn
382 4575 515 4639 geweest.
