3188 5340
182 490 233 541 402
704 491 808 544 ANNO
827 491 891 541 litu

185 654 277 719 ipsum
301 658 418 707 tratrem
442 656 598 708 Mattheum
616 657 770 707 seeundum
793 658 944 708 canonicas
968 657 1067 719 puniat
1090 656 1263 716 sanctiones,
1282 657 1399 705 commis·

184 740 311 790 sionibus
334 742 368 790 de
393 744 421 791 et
442 754 528 804 super
540 739 700 790 huiusmodi
719 739 763 789 vel
777 739 917 790 consimili
935 740 1056 790 materia
1068 739 1133 790 aliis
1151 739 1396 802 quibuscunquein

183 835 290 886 genere
302 823 345 873 vel
360 824 387 872 in
401 823 495 885 specie
508 824 590 872 iactis
603 822 852 872 constitutionibus
869 825 898 872 et
910 822 1137 872 ordinationibus
1154 821 1320 886 apostolicis
1336 825 1398 871 cete

182 904 279 968 risque
298 906 448 955 contrariis
470 920 525 955 non
546 905 724 955 obstantibus
747 905 999 968 ‹piibuseunqua-

216 986 276 1046 Que
296 988 410 1050 quidem
429 989 589 1038 commissio
612 989 724 1052 signata
745 989 799 1037 luit
822 989 851 1038 in
872 987 947 1038 hunc
971 990 1105 1038 moduni:

217 1070 285 1120 «De
313 1072 446 1121 mandato
473 1071 580 1121 domini
607 1072 695 1121 nostri
727 1085 798 1133 pape
822 1072 918 1121 audiat
942 1071 1018 1121 idem
1044 1069 1304 1120 reverendissimus
1331 1070 1399 1130 pater

181 1152 313 1203 dominns
330 1153 483 1203 cardinalis
501 1156 530 1204 et
547 1140 682 1217 procedat
700 1148 854 1203 summarie
872 1159 937 1209 ete..
957 1156 988 1202 ut
1010 1154 1126 1216 petitur.
1145 1172 1155 1193 ι

153 1238 156 1243 ’
217 1234 342 1293 Quarum
353 1236 466 1298 quidem
480 1237 710 1286 commissionum
723 1237 821 1299 vigore
834 1236 909 1285 idem
919 1236 1050 1285 dominus
1060 1232 1216 1284 cardinalis
1228 1231 1396 1290 Veronensis,

183 1315 268 1366 iudex
290 1320 318 1366 et
333 1317 543 1368 commissarius
564 1317 593 1367 in
611 1330 696 1367 causa
714 1316 885 1370 huiusmodi.
911 1316 966 1366 rite
991 1319 1020 1366 et
1042 1315 1172 1380 legitime
1200 1314 1355 1377 procedens
1369 1311 1396 1362 ad

183 1398 293 1462 providi
314 1399 368 1448 viri
389 1400 519 1463 magistri
542 1398 623 1450 Olavi
643 1399 753 1459 iacobi,
776 1399 805 1448 in
826 1399 955 1449 Romana
972 1398 1052 1448 curia
1068 1397 1264 1461 procuratoris
1283 1409 1316 1444 ac
1332 1395 1396 1443 insti·

183 1480 292 1544 gatoris
313 1493 362 1531 seu
378 1483 550 1544 promotoris
568 1482 654 1530 otllcii
667 1481 702 1530 ad
721 1480 775 1530 hoc
794 1481 930 1543 deputat-i,
945 1481 1118 1540 instantiam,
1131 1480 1252 1529 tratrem
1265 1474 1395 1527 Matbeun

184 1561 315 1623 Grabow,
342 1563 528 1626 principalem
558 1564 587 1614 iu
616 1564 691 1613 dicta
720 1563 918 1613 commissione
947 1561 1146 1626 principaliter
1168 1563 1353 1623 nominatum,
1374 1562 1396 1610 in

183 1644 313 1695 Romana
333 1645 412 1695 curia
429 1646 607 1705 existentem,
629 1645 664 1696 ad
685 1645 836 1695 dicendum
845 1647 877 1705 et
889 1644 1099 1708 opponendum,
1112 1644 1250 1706 quidquid
1270 1641 1395 1694 verbovel

185 1727 214 1775 in
227 1728 341 1790 scriptis
354 1728 448 1778 dicere
461 1728 519 1778 sive
532 1741 677 1791 opponere
691 1727 776 1778 vellet
793 1728 893 1777 contra
910 1727 1014 1777 dictam
1027 1727 1157 1777 ultimam
1173 1727 1396 1782 commissionem,

185 1822 237 1871 per
254 1813 364 1859 certum
388 1811 455 1859 dicti
480 1811 586 1860 domiui
608 1811 698 1859 nostri
719 1823 791 1872 pepe
812 1823 957 1859 cursorem
976 1810 1059 1858 citari
1076 1809 1221 1859 mandavit
1244 1814 1274 1859 et
1293 1810 1357 1858 lecit
1370 1807 1396 1855 ad

186 1893 295 1941 certum
315 1894 538 1956 peremptorium
556 1893 709 1943 terminum
728 1896 945 1954 competentem.
968 1891 1001 1941 ln
1023 1906 1078 1954 quo
1091 1891 1206 1955 quidem
1224 1891 1342 1941 termino
1357 1902 1396 1953 per

185 1974 332 2036 providum
350 1976 442 2025 virum
460 1976 628 2039 magistrum
647 1974 808 2027 iohannem
827 1975 861 2024 de
882 1974 1035 2035 Scribanis,
1055 1974 1083 2023 in
1102 1973 1235 2023 Romana
1254 1975 1332 2023 curia
1347 1985 1395 2035 pro

185 2061 355 2116 curatorem,
381 2071 519 2107 unacum
544 2058 619 2106 dieto
643 2059 732 2107 tratre
751 2056 876 2128 Matheo,
898 2055 1061 2120 principali,
1088 2069 1185 2105 coram
1203 2056 1281 2104 dieto
1298 2055 1394 2104 domino

186 2138 335 2200 cardinali,
356 2140 451 2190 iudice
469 2142 497 2190 et
514 2141 718 2200 commissario,
731 2138 904 2191 iudicialiter
922 2140 1132 2201 comparentem
1151 2137 1297 2188 nonnullis
1314 2150 1394 2198 exeep-

185 2221 311 2270 tionibus
331 2224 431 2272 contra
453 2222 558 2283 dictam
585 2222 812 2272 commissionem
837 2223 912 2272 lacto
936 2223 966 2271 et
988 2222 1017 2271 in
1038 2220 1153 2283 scriptis
1173 2219 1309 2270 exhibitis
1326 2222 1394 2281 atque

186 2302 258 2351 datis
279 2302 381 2354 deinde
404 2303 563 2368 comparuit
584 2305 612 2354 in
636 2305 741 2354 iudicio
764 2318 860 2355 coram
884 2305 984 2353 eodem
1004 2303 1118 2351 domino
1141 2303 1291 2362 cardinali,
1317 2301 1393 2352 iudice

186 2386 216 2434 et
240 2386 444 2448 commissario,
468 2387 605 2451 magister
634 2385 737 2438 Olavus
762 2387 872 2445 iacobi,
900 2386 1052 2449 instigator
1081 2398 1131 2434 seu
1160 2392 1307 2448 promotor
1326 2381 1394 2433 cilicii

186 2466 340 2530 predictus,
361 2469 445 2519 etad
465 2469 676 2519 informandum
698 2469 824 2518 animum
844 2468 933 2531 ipsius
954 2468 1060 2517 domini
1079 2466 1245 2528 cardinalis,
1267 2467 1360 2516 indicis
1372 2466 1392 2513 et

186 2551 383 2611 commissarii,
402 2551 437 2600 de
457 2553 486 2600 et
513 2551 737 2615 superindicta
758 2549 860 2601 ultima
881 2550 1079 2601 commissione
1099 2550 1243 2599 contentis
1263 2545 1393 2598 nonnullos

188 2631 397 2695 inquisitiones,
418 2634 573 2695 positiones
594 2635 623 2684 et
643 2631 779 2684 articulos
799 2633 874 2683 lacto
897 2631 1015 2683 realiter
1036 2634 1065 2682 et
1091 2633 1121 2682 in
1148 2632 1265 2695 seriptis
1285 2627 1393 2682 exhibuit

186 2715 272 2776 atque
291 2714 378 2764 dedit.
406 2714 513 2774 Quibus
537 2716 651 2779 quidem
676 2716 869 2783 positionibus
889 2718 918 2765 et
941 2713 1070 2765 articulis
1096 2715 1147 2775 sic,
1172 2716 1205 2764 nt
1229 2713 1392 2776 premittitur,

185 2796 259 2847 datis
276 2798 404 2860 prelatus
422 2797 553 2847 (lominus
573 2796 736 2857 cardinalis,
748 2797 834 2848 index
847 2800 876 2848 et
893 2797 1105 2847 commissarius
1123 2796 1158 2846 ad
1176 2795 1267 2860 ipsius
1285 2790 1393 2859 magistri

186 2877 277 2940 olavi,
287 2880 465 2945 instigatoris
476 2893 526 2931 seu
537 2880 709 2943 promotoris
721 2880 818 2938 officii,
831 2879 996 2930 instantiam
1007 2879 1113 2928 dictum
1125 2879 1246 2928 tratrem
1259 2876 1391 2930 Mathcum

185 2961 382 3027 principalem,
400 2962 435 3013 ad
453 2962 604 3014 dicendum
627 2965 656 3013 et
678 2963 886 3027 opponendum,
912 2960 1049 3025 quidquid
1070 2960 1157 3010 verbo
1184 2959 1231 3011 vel
1254 2961 1284 3010 in
1302 2957 1392 3022 scriptis

186 3043 283 3095 dicere
303 3045 362 3095 sive
385 3045 633 3113 opponerelvellet
653 3047 752 3096 contra
765 3045 855 3094 dictos
868 3045 1024 3108 positiones
1036 3047 1065 3094 et
1077 3043 1224 3103 articulos,
1237 3045 1391 3107 inquantum

186 3125 311 3186 articuli,
333 3140 443 3178 necnon
464 3127 500 3178 ad
517 3127 746 3191 respondendum
765 3127 871 3177 eisdem
893 3125 1086 3192 singulariter,
1106 3125 1231 3191 singulis
1252 3125 1341 3178 medio
1356 3134 1392 3173 suo

185 3211 346 3263 iuramento
365 3211 395 3262 in
418 3212 535 3276 propria
556 3213 618 3261 eius
638 3223 769 3274 persona,
795 3211 825 3260 in
845 3212 982 3273 quantum
1002 3211 1159 3275 positiones
1179 3209 1343 3266 existerent,
1357 3216 1393 3269 ser

185 3295 296 3346 eertum
313 3293 381 3344 dicti
399 3294 507 3344 domini
528 3294 617 3344 nostri
636 3306 708 3357 pape
720 3307 865 3343 cursorem
878 3294 961 3343 citari
975 3292 1117 3343 mandavit
1136 3294 1164 3342 ct
1176 3292 1247 3342 lecit
1259 3291 1294 3342 ad
1307 3289 1392 3340 cerunt

186 3375 411 3441 peremptorium
428 3375 582 3426 terminum
598 3376 819 3438 competentem.
840 3374 874 3424 In
895 3388 950 3437 quo
969 3373 1083 3437 quidem
1101 3374 1226 3423 termino
1248 3374 1308 3437 ipsc
1325 3372 1393 3421 hatti

188 3455 330 3518 Methana,
347 3455 523 3521 principalis,
544 3469 640 3506 coram
663 3456 738 3506 dicto
759 3456 873 3505 domino
891 3453 1039 3516 cardinali,
1056 3453 1151 3504 iudice
1168 3457 1199 3504 et
1210 3450 1393 3511 commissario,

186 3537 362 3593 iudicialiter
383 3551 551 3603 comparens
569 3536 721 3589 nonnullas
741 3539 941 3602 responsiones
964 3538 999 3588 ad
1020 3537 1110 3586 dictos
1128 3536 1287 3600 positiones
1303 3538 1331 3586 et
1345 3531 1395 3584 ai‘e'·

187 3619 268 3673 cnlos
284 3633 337 3686 per
348 3608 549 3681 iuramentum,
568 3621 642 3684 quod
661 3620 767 3670 ibidem
787 3620 824 3670 ad
840 3619 1004 3670 mandatum
1024 3619 1114 3683 ipsius
1131 3619 1242 3669 domini
1254 3615 1394 3668 cardinalis

187 3702 292 3757 ludicii
303 3703 333 3755 et
348 3703 545 3763 commissarii,
559 3702 629 3753 etin
642 3703 704 3753 eius
721 3702 852 3752 manibus
862 3701 945 3752 tactis
962 3699 1150 3765 corporaliter
1161 3701 1314 3764 scripturis
1324 3709 1396 3750 sacre·

187 3785 343 3841 meabas
360 3786 458 3837 sancta
475 3785 528 3837 Dei
546 3783 705 3849 evangelia
722 3784 858 3848 prestitit,
871 3785 946 3835 lacto
967 3786 995 3835 et
1014 3784 1043 3834 in
1056 3784 1170 3848 scriptis
1189 3782 1396 3842 exhibuitatqne

186 3866 277 3921 datia
289 3866 327 3921 Et
336 3864 497 3919 huiusmodi
510 3867 744 3930 responsionibus
762 3868 811 3925 sic,
827 3869 858 3916 ut
869 3866 1056 3930 premittitur,
1069 3865 1208 3916 exhibitis
1221 3861 1397 3929 compamitiu

188 3944 296 4003 indicio
318 3960 416 4001 coram
443 3948 557 4000 domino
587 3948 736 4008 cardinali,
758 3949 852 3999 iudice
879 3949 909 3998 et
935 3947 1129 3999 commissario
1147 3946 1305 4012 prelibato,
1326 3946 1400 3996 dien

193 4030 282 4085 ’saer
300 4029 441 4089 hlaibans.
462 4029 640 4095 principalis,
662 4033 691 4082 et
720 4029 872 4081 nonnullos
892 4029 1029 4081 articulos
1055 4030 1113 4080 sire
1143 4029 1343 4081 conclusiones
1363 4038 1402 4091 per

241 4128 267 4176 n.
283 4116 316 4171 ut
333 4114 465 4175 meruit,
478 4114 622 4165 contectos
643 4113 762 4165 realiter
778 4115 853 4165 lacto
874 4116 904 4164 et
923 4113 953 4164 in
965 4112 1079 4176 scriptis
1089 4111 1223 4163 exhibuit
1236 4108 1403 4176 amuodedit

265 4210 330 4263 w,
350 4197 400 4263 qui
417 4196 557 4262 sequitur,
581 4197 781 4247 continentes:

293 4276 499 4335 wendlssime
515 4281 610 4344 pater.
626 4278 827 4343 Intrascriptos
840 4277 977 4330 articulos
994 4290 1044 4328 seu
1064 4273 1266 4329 conclusiones
1284 4274 1406 4329 vereini-

309 4359 360 4417 atlo
381 4374 446 4413 snae
465 4361 495 4413 in
513 4362 637 4413 tractatu
657 4374 731 4422 meo,
752 4363 782 4412 et
804 4374 840 4412 ex
862 4373 920 4411 una
944 4357 1070 4419 illarum,
1095 4363 1218 4421 quaest
1244 4357 1408 4424 principalis,

309 4440 365 4499 *lie
384 4442 574 4508 deducuntur,
593 4444 720 4507 exceptis
740 4443 859 4506 paucis:

321 4536 353 4581 aa
372 4526 468 4592 βοῶσι
491 4524 571 4577 licite
591 4527 621 4577 et
645 4525 804 4586 meritorie,
823 4538 917 4591 ymmo
939 4523 1144 4576 necveraciter
1161 4523 1340 4583 obedientie.
1358 4536 1411 4588 paa-
