3188 5340
683 509 787 565 ANNO
807 509 871 564 laea
1343 515 1392 568 183

172 681 404 734 consuetudinem
424 679 524 730 domus
542 677 626 731 debet
643 678 678 730 ad
690 678 897 731 contessionem
915 679 1005 742 exire,
1015 680 1131 746 oportet
1140 681 1215 745 quod
1237 695 1390 744 somres,a

170 764 269 829 quibus
289 762 355 824 boc,
371 762 508 828 exigitur,
532 760 662 814 Marthae
684 760 729 813 vel
753 761 942 814 submartbae
961 762 1066 824 omnia,
1078 776 1152 828 quae
1172 764 1301 816 confiteri
1323 778 1387 830 pro·

168 847 288 913 ponunt,
300 845 499 910 profiteantur,
513 845 664 908 antequam
676 843 755 896 exire
766 844 981 908 permittuntur,
994 846 1025 896 et
1034 845 1126 897 solum
1137 845 1199 910 illa,
1211 847 1241 899 et
1252 847 1325 900 sicut
1344 849 1388 901 vel

167 926 310 982 aliartha
327 926 371 979 rel
401 924 573 980 Submartba
594 925 785 987 instruuntur,
805 927 835 977 et
857 940 913 978 non
934 927 991 978 alia
1007 940 1098 992 neque
1121 928 1206 981 aliter
1223 931 1336 994 oportet
1357 933 1389 983 ut

167 1011 367 1063 confiteantur.
381 1008 462 1070 Quod
470 1008 655 1060 immobiliter
666 1007 762 1059 solent
773 1008 935 1071 observare,
947 1009 1070 1062 maxime
1082 1024 1146 1061 cum
1158 1011 1269 1076 aliquae
1289 1013 1389 1066 volunt

167 1096 250 1146 extra
266 1094 405 1144 statutum
414 1093 526 1156 tempus
538 1090 678 1153 confiteri,
691 1093 809 1156 propter
826 1104 909 1155 quem
921 1091 1072 1143 articulum
1084 1091 1180 1157 plures
1191 1094 1226 1146 ab
1238 1095 1279 1146 eis
1290 1109 1388 1148 reces-

165 1177 276 1237 serunt,
289 1173 459 1239 praesertim
468 1187 532 1224 cum
544 1172 603 1234 illa,
616 1186 689 1236 quae
701 1173 742 1223 sic
754 1173 1042 1237 praeconfitebantur,
1055 1176 1181 1238 quamvis
1192 1177 1335 1230 interdum
1347 1179 1388 1230 ita

165 1259 263 1309 essent
271 1257 381 1324 gravia,
391 1257 466 1319 quod
478 1255 631 1308 auctoritas
640 1255 765 1318 episcopi
775 1258 837 1306 erat
846 1269 897 1319 pro
908 1256 1085 1308 absolutione
1097 1259 1266 1324 necessaria,
1276 1262 1387 1314 secreta

165 1355 222 1392 non
234 1339 443 1399 remanserant,
456 1338 505 1390 sed
517 1337 581 1389 aliis
592 1337 815 1389 innotescebant.

195 1422 283 1475 Aliud
303 1422 378 1486 quod
396 1421 488 1486 magis
505 1420 617 1471 videtur
634 1420 797 1472 absurdum.
815 1418 867 1472 Est
888 1420 965 1471 enim
984 1434 1039 1473 una
1049 1420 1163 1476 Martha
1179 1425 1344 1489 principalis
1355 1426 1385 1476 in

164 1504 305 1569 Treiecto,
323 1517 396 1568 quae
413 1503 511 1553 domos
528 1515 659 1553 sororum
675 1502 781 1553 ibidem
799 1504 829 1553 et
846 1501 916 1554 allas
934 1503 1032 1554 domos
1050 1506 1204 1557 earundem
1222 1507 1251 1558 in
1274 1508 1385 1572 oppidis

164 1585 433 1651 circumjacentibus
449 1583 576 1648 quolibet
592 1598 667 1635 anno
685 1585 720 1636 ad
739 1585 832 1635 minus
855 1584 942 1636 semel
960 1584 1004 1636 vel
1028 1585 1072 1637 bis
1089 1588 1139 1639 aut
1152 1588 1268 1653 ¹pluries
1290 1591 1386 1642 visitat

164 1670 285 1731 directe,
307 1669 381 1720 sicut
399 1667 510 1732 priores
532 1664 720 1731 provinciales
741 1666 943 1733 religiosorum
966 1670 1119 1720 conventus
1142 1685 1257 1722 suarum
1274 1673 1384 1737 provin·

164 1753 275 1805 ciarum
284 1751 400 1804 visitare
412 1751 628 1802 consueverunt.
638 1747 762 1802 Veniens
774 1749 852 1800 enim
861 1750 896 1801 ad
908 1749 1024 1801 domum
1036 1751 1082 1804 die
1092 1750 1210 1815 ethera,
1221 1754 1322 1817 quibus
1331 1755 1385 1806 sibi

163 1834 270 1901 placet,
282 1833 364 1899 ponit
375 1847 405 1885 se
416 1832 447 1884 in
458 1832 580 1897 quadam
592 1845 705 1884 camera
716 1833 744 1882 et
756 1831 883 1897 singulas
895 1845 1008 1883 sorores
1021 1846 1106 1885 unam
1117 1837 1181 1899 post
1193 1836 1278 1888 aliam
1289 1837 1383 1903 singu·

164 1917 266 1969 iariter
281 1917 443 1981 interrogat
454 1916 484 1965 et
500 1914 644 1967 examinat
661 1914 697 1966 de
709 1915 783 1965 statu
796 1914 905 1976 domus,
915 1915 950 1965 de
962 1915 1103 1981 regimine
1115 1917 1255 1980 Marthae,
1267 1919 1302 1972 de
1314 1933 1384 1984 pace

164 1997 208 2051 vel
219 1998 375 2062 discordia,
386 1999 422 2049 de
431 1997 592 2048 excessibus
600 1995 645 2048 vel
658 1996 820 2048 obedientia
829 2010 959 2047 sororum
970 1999 999 2048 et
1007 1996 1071 2048 aliis
1080 1997 1252 2064 hujusmodi,
1261 2003 1385 2054 maxime

164 2083 198 2134 de
210 2080 416 2144 observantiis3
433 2082 472 2144 et,
485 2079 615 2130 omnibus
624 2079 665 2129 sic
676 2079 786 2130 secrete
798 2078 912 2141 auditis,
924 2081 1076 2145 antequam
1092 2082 1217 2144 recedat,
1229 2083 1385 2148 capitulum

163 2165 193 2216 in
212 2176 328 2216 camera
347 2163 473 2214 oratoria
488 2162 519 2214 in
537 2162 679 2219 communi
697 2162 806 2222 tenens,
825 2160 922 2225 culpas
941 2162 1118 2228 singularum
1136 2178 1232 2217 coram
1254 2166 1385 2219 omuibus

163 2246 283 2300 audiens
300 2247 330 2297 et
340 2244 530 2310 poenitentias
542 2244 695 2310 iniungens
708 2257 741 2294 ac
752 2256 826 2308 quae
842 2244 949 2295 suntin
961 2247 1103 2297 communi
1121 2245 1164 2298 vel
1176 2248 1206 2298 in
1218 2247 1384 2312 particulari

163 2328 345 2395 corrigenda,
368 2328 516 2393 corrigens
538 2328 567 2378 et
590 2327 754 2387 emendans,
779 2326 814 2377 ad
838 2326 1030 2379 observantias
1057 2328 1142 2394 atque
1164 2331 1382 2383 consuetudines

163 2411 382 2478 perseveranter
393 2410 477 2474 atque
490 2408 656 2461 obedienter
672 2408 876 2482 continuandas
893 2407 1061 2461 adhortatur
1079 2423 1128 2462 eas
1139 2412 1230 2463 modis
1242 2413 1382 2476 omnibus,
1397 2467 1399 2471 ,

163 2493 268 2559 quibus
284 2494 387 2558 potest.
401 2491 461 2543 Nec
472 2490 527 2542 hoc
538 2490 644 2553 solum3
656 2491 705 2541 sed
718 2503 781 2540 cum
799 2504 921 2550 sorores,
935 2494 967 2541 ut
977 2492 1083 2544 dictum
1096 2495 1148 2554 est,
1161 2494 1240 2547 audit
1256 2495 1384 2561 singulas

163 2576 286 2640 secrete,
300 2574 413 2640 oportet
421 2573 496 2638 quod
507 2572 651 2636 quaelibet
663 2574 786 2637 exponat
797 2573 851 2623 sibi
863 2574 954 2624 totum
966 2575 1070 2626 statum
1081 2575 1248 2628 interiorem
1259 2576 1382 2629 hominis

163 2659 225 2711 siue
236 2658 268 2710 in
277 2657 351 2710 beno
363 2656 424 2708 siue
433 2655 462 2708 in
471 2655 556 2717 mals
566 2656 607 2707 ita
615 2655 699 2719 plene
708 2657 738 2707 et
748 2656 874 2718 perfecte
886 2656 930 2706 vel
939 2657 1103 2720 perfectius,
1114 2659 1171 2710 acsi
1183 2660 1278 2712 essent
1287 2674 1397 2712 eoram·

163 2741 312 2794 sacerdote
331 2740 503 2791 confessore.
526 2737 564 2790 Et
574 2739 659 2802 prout
681 2737 736 2790 ista
748 2738 783 2789 de
803 2736 923 2803 singulis
939 2739 1068 2804 iudicans
1088 2741 1329 2802 determinaverit,
1341 2743 1383 2796 ita

163 2822 557 2889 oporteteassuastormare.
1177 2888 1180 2897 ,

191 2905 231 2958 nt
242 2905 319 2969 quod
330 2902 394 2969 plus
405 2905 458 2964 est,
471 2902 543 2954 tales
560 2902 751 2954 confessiones
763 2902 850 2955 audet
860 2902 946 2954 etiam
968 2903 1004 2955 ab
1024 2903 1151 2958 honestis
1173 2907 1339 2960 dominabus
1350 2909 1380 2961 in

162 2987 345 3040 matrimonio
357 2985 543 3039 existentibus
555 2987 584 3037 et
595 2985 630 3037 ab
641 2984 705 3035 aliis
717 2984 820 3049 puellis
833 2999 890 3037 non
901 2985 956 3037 sibi
965 2986 1099 3052 subjectis
1110 2988 1248 3052 recipere.
1261 2990 1298 3042 Et
1306 2992 1381 3055 quod

162 3071 294 3123 omnibus
311 3069 403 3136 magis
422 3069 582 3120 mirandum
593 3069 645 3129 est,
659 3067 809 3133 presbyter
820 3068 935 3131 quidam
953 3082 1017 3120 cum
1029 3069 1105 3121 dicta
1116 3069 1228 3123 Mariba
1239 3072 1269 3124 in
1280 3074 1380 3126 eadem

163 3155 247 3205 domo
258 3151 429 3216 hospitatur,
442 3152 472 3203 et
482 3151 601 3202 istarum
619 3151 873 3216 congregationum
896 3149 1044 3216 legislator
1055 3154 1098 3204 est
1109 3153 1193 3217 atque
1205 3154 1380 3220 gubernator

162 3247 322 3301 supremus.
334 3233 371 3286 Et
382 3234 498 3298 propter
515 3230 570 3283 boc
586 3232 659 3297 apud
678 3230 778 3297 vulgus
800 3233 946 3283 confessor
964 3234 1050 3297 atque
1066 3235 1245 3298 praedicator
1255 3237 1380 3288 ramosus

162 3331 218 3370 non
229 3316 438 3369 verecundatur
449 3314 610 3379 huiusmodi
629 3314 757 3365 dominas
775 3315 804 3366 et
815 3312 925 3379 puellas
942 3314 977 3367 de
989 3329 1040 3367 sua
1057 3317 1234 3369 consessione
1245 3321 1380 3372 exeuntes

162 3403 191 3452 et
200 3398 333 3451 confiteri
345 3397 499 3462 cupientes,
513 3410 577 3448 cum
584 3396 638 3449 sibi
650 3411 707 3447 non
716 3397 805 3459 vacat,
816 3397 851 3448 ad
860 3397 1017 3462 praelatam
1030 3397 1170 3452 Martham
1182 3400 1287 3453 sociam
1299 3393 1380 3455 suani

162 3481 346 3534 domesticam
357 3479 483 3546 dirigere
495 3479 658 3531 audiendas.

191 3563 278 3617 Aliud
294 3563 411 3626 insuper
428 3562 534 3624 existit,
546 3562 621 3627 quod
639 3563 731 3613 totum
747 3562 921 3626 praecedens
932 3562 1080 3629 negotium
1096 3566 1257 3629 suspectum
1272 3567 1377 3618 reddit.

162 3645 293 3699 [taenim
310 3645 425 3696 student
447 3643 569 3696 sollicite
589 3645 684 3696 omnia
704 3645 850 3709 praedicta
866 3643 972 3705 etalia,
993 3657 1067 3711 quae
1086 3646 1246 3712 observant,
1269 3651 1379 3702 secreta

162 3741 287 3792 manere,
299 3728 374 3791 qued
386 3726 564 3779 strictissime
572 3725 760 3792 prohibentur
771 3740 883 3779 sorores
892 3726 987 3789 nullis,
1000 3727 1055 3778 nisi
1065 3728 1100 3781 de
1109 3731 1377 3796 congregationibus

161 3811 292 3872 existam,
305 3811 391 3862 etiam
408 3809 531 3873 propriis
548 3810 756 3861 confessoribus
773 3809 828 3865 ista
849 3808 986 3861 revelare.
1008 3810 1079 3870 Quia
1098 3809 1166 3862 licet
1185 3812 1266 3864 multi
1286 3827 1378 3865 sacer·

161 3895 250 3954 dotes,
268 3893 359 3953 aiunt,
376 3892 467 3942 sciant
483 3890 581 3952 multa,
603 3895 714 3957 tamen,
726 3892 793 3955 quia
809 3906 874 3943 raro
892 3889 998 3943 habent
1014 3905 1145 3957 saporem
1161 3894 1376 3959 scripturarum,

161 3977 257 4028 sancta
274 3988 331 4026 non
351 3972 482 4024 videntur
498 3973 540 4024 eis
563 3974 644 4025 bona.
663 3974 783 4038 Propter
802 3974 877 4038 quod
900 3988 957 4026 una
973 3974 1033 4026 vice
1059 3989 1123 4026 cnm
1141 3977 1283 4038 timerent,
1301 3979 1375 4041 quod

161 4057 357 4110 observantiae
374 4054 509 4120 praelatis
526 4055 663 4107 ecclesiae
683 4057 889 4118 revelarentur,
908 4057 1026 4107 consilio
1044 4058 1123 4108 unito
1141 4058 1308 4110 deliberavit
1320 4073 1377 4112 una

161 4141 218 4191 teta
235 4137 432 4204 congregatio,
453 4135 615 4201 hujusmodi
638 4138 830 4190 observantias
852 4138 947 4202 potius
969 4152 1032 4190 cunr
1048 4139 1208 4202 jnramento
1232 4141 1376 4206 negandas

161 4237 241 4287 uuam
259 4221 340 4287 ipsis,
358 4220 459 4284 quibus
482 4220 595 4271 easdem
607 4219 758 4284 displicere
778 4221 925 4282 timebant,
944 4220 1076 4285 explicite
1093 4221 1269 4273 revelandas.
1290 4221 1376 4275 Intel-

161 4304 290 4357 lexerunt
307 4303 393 4363 enim,
406 4302 542 4367 quosdam
560 4301 689 4355 literatos
707 4305 736 4354 et
747 4303 870 4354 lamosos
882 4303 957 4354 viros
974 4303 1010 4355 de
1022 4304 1121 4354 ordine
1133 4303 1374 4356 Caribusiensium

161 4388 322 4440 mustanter
344 4385 496 4448 affirmare,
516 4386 591 4449 quod
613 4388 705 4437 status
728 4399 837 4448 eorum,
860 4385 945 4439 salvis
967 4386 1079 4438 statutis
1099 4386 1129 4438 et
1150 4387 1374 4439 ordinationibus

161 4470 307 4534 ecclesiae,
325 4481 381 4520 non
399 4469 495 4532 posset
511 4468 674 4521 subsistere.
696 4467 766 4520 Cum
785 4469 880 4521 autem
900 4483 957 4521 una
976 4469 1011 4520 de
1031 4468 1198 4530 senioribus,
1216 4470 1294 4522 mota
1310 4485 1374 4523 con-

161 4552 287 4616 scientia,
311 4563 409 4606 omnes
433 4551 625 4608 observantias
642 4551 865 4621 conscripsisset,
889 4553 919 4608 ct
940 4553 977 4607 ad
998 4551 1152 4623 petendum
1178 4551 1326 4607 consilium
1356 4568 1375 4608 a
