3188 5340
847 488 953 545 ANNO
971 489 1036 545 1428

823 713 903 783 1so
929 701 1053 804 (roob.

372 931 466 1010 1423,
479 924 735 998 no'Nooember
759 932 811 1011 12,
836 929 954 997 Rome.
974 929 1080 995 Breve
1095 946 1160 994 ran
1176 926 1341 995 Martinus
1356 926 1402 1010 V,
1420 925 1544 1014 gcricht

326 1035 376 1100 tot
392 1031 569 1114 Amedons,
596 1031 715 1119 hortog
731 1052 794 1100 van
818 1033 980 1120 Saroyen,
998 1029 1135 1119 wearbij
1153 1030 1198 1119 hij
1224 1029 1299 1098 hem
1314 1022 1471 1098 verzoeit
1486 1029 1544 1099 den

325 1134 479 1221 hisschop
502 1155 565 1202 van
584 1137 758 1204 musanus
774 1133 818 1224 bij
837 1135 897 1202 het
920 1133 1057 1202 straden
1086 1154 1151 1201 van
1175 1133 1238 1200 don
1264 1131 1377 1201 letter
1400 1133 1543 1202 Nicotaus

325 1237 726 1326 Serrurier‘krachtdadig
741 1237 783 1327 bij
798 1244 832 1306 te
846 1242 955 1306 staan.
972 1276 1014 1287 -
1028 1239 1072 1305 De
1089 1257 1170 1326 psus
1194 1235 1295 1304 meldt
1310 1236 1385 1304 hem
1408 1236 1450 1304 de
1471 1257 1543 1304 aar·
1584 1274 1586 1285 ·

326 1342 548 1430 hondingran
563 1342 731 1410 Serrnrier
752 1363 794 1409 en
810 1341 911 1409 zendt
926 1341 1001 1408 hem
1024 1361 1086 1408 een
1108 1339 1260 1408 aischritt
1281 1358 1347 1407 ran
1372 1338 1437 1407 den
1452 1337 1540 1421 briei,

326 1444 464 1534 waarbij
483 1445 528 1535 hij
547 1465 610 1514 aan
622 1445 685 1512 den
701 1441 855 1533 bisschop
872 1465 937 1512 ran
962 1447 1140 1513 Leusomm
1163 1441 1293 1513 beveelt
1308 1441 1371 1511 den
1388 1441 1500 1512 letter
1512 1447 1543 1510 te

326 1546 475 1618 scaffen.
505 1549 557 1637 Hij
587 1540 743 1617 rerzoekt
765 1548 829 1616 den
845 1548 980 1635 hertog,
1008 1547 1065 1616 dat
1089 1546 1134 1635 hij
1162 1546 1226 1615 den
1252 1545 1403 1634 bisechop
1428 1544 1471 1635 bij
1487 1565 1542 1615 aon

326 1657 434 1734 sinan,
452 1652 487 1719 in
500 1652 595 1739 geval
612 1671 649 1719 er
664 1652 782 1720 leeken
799 1651 924 1719 zonden
942 1649 1103 1737 oplromen
1116 1655 1215 1736 teger
1230 1649 1271 1717 de
1283 1650 1472 1738 nitvoering
1484 1669 1543 1716 ran

326 1754 374 1823 dit
387 1753 494 1824 borel.
513 1757 559 1822 De
574 1755 694 1842 hertog
716 1758 805 1822 most
829 1752 892 1822 ooh
909 1752 952 1842 bij
971 1753 1034 1821 don
1051 1752 1203 1839 bisrchop
1217 1752 1437 1840 aendringcn,
1453 1752 1544 1840 opdat

326 1856 405 1926 deae
420 1859 488 1927 niet
503 1859 610 1928 elleen
626 1864 694 1927 met
717 1856 1042 1946 rechtvserdigheid,
1067 1878 1161 1925 mear
1185 1855 1249 1924 ook
1272 1861 1340 1926 met
1355 1855 1545 1945 strengheid

326 1981 387 2031 zou
410 1962 586 2044 hondelen,
606 1982 647 2031 en
671 1962 770 2049 opdat
792 1960 839 2049 bij
857 1960 1025 2028 Serrurier
1046 1960 1194 2028 anderen
1209 1962 1267 2029 ten
1292 1959 1470 2029 voorboold
1490 1978 1544 2028 aon

327 2067 476 2137 straffen.

360 2206 500 2261 Martinus
517 2206 674 2273 episcopus,
693 2208 747 2260 etc.
761 2206 872 2260 Dilecto
895 2206 955 2269 tilio
975 2206 1065 2260 nobili
1084 2206 1145 2259 viro
1165 2206 1301 2270 Amedeo,
1318 2205 1386 2259 duci
1398 2206 1544 2268 sabaudie,

328 2291 449 2346 salutem
458 2291 488 2343 et
496 2291 681 2357 apostolicam
693 2292 929 2345 benedictionem.

361 2374 542 2439 audiuimus,
548 2375 624 2438 quod
635 2375 751 2438 quidam
762 2373 899 2427 Nicolsus
908 2372 1060 2435 Serurarii,
1070 2372 1215 2437 professor
1226 2371 1336 2423 ordinis
1343 2368 1546 2424 heremitarum

327 2456 420 2511 sancti
435 2456 598 2523 Augustini,
619 2457 705 2508 certis
727 2469 764 2509 cx
781 2456 873 2510 causis
890 2456 1036 2508 detinetur
1057 2455 1109 2507 sub
1121 2454 1250 2506 custodia
1260 2453 1435 2506 venerabilis
1454 2453 1547 2506 trahis

326 2539 453 2605 episcopi
470 2538 669 2590 Lausanensis.
688 2536 735 2599 Et,
753 2540 821 2602 qnia
840 2540 1020 2592 scandalosus
1039 2538 1125 2590 homo
1136 2552 1199 2592 csse
1222 2538 1326 2590 dicitur
1345 2539 1377 2590 et
1394 2539 1548 2591 seminator

326 2621 434 2674 erroris
445 2621 476 2671 in
484 2621 541 2672 ilde
552 2619 703 2682 catholica,
716 2622 867 2674 scribimus
879 2624 992 2688 prelato
1004 2622 1149 2687 episcopo,
1166 2622 1197 2670 vt
1212 2633 1278 2672 eum
1290 2618 1451 2686 diligenter
1466 2620 1550 2672 reciet

326 2702 457 2764 retineri,
470 2704 555 2767 prout
565 2701 674 2754 videbis
685 2703 715 2754 in
733 2704 815 2768 copia
831 2707 994 2756 nostrarum
1016 2703 1165 2755 literarum
1185 2701 1365 2767 presentibus
1383 2701 1551 2766 introcluss,

326 2784 504 2837 nobilitatem
526 2786 604 2836 tuem
626 2783 785 2850 hortantes,
805 2788 844 2848 rt,
857 2787 882 2837 si
901 2786 977 2838 torte
999 2784 1139 2837 laicorum
1158 2785 1242 2836 tauor
1259 2796 1311 2848 pro
1332 2782 1410 2834 dicto
1432 2782 1551 2836 Nicolso

325 2866 465 2932 prelatum
494 2867 659 2932 episcopum
680 2867 834 2932 impediret
853 2870 903 2921 aut
923 2867 1088 2932 aliqualiter
1112 2866 1304 2932 perturbaret,
1323 2866 1356 2917 tu
1378 2864 1477 2918 eidem
1500 2877 1552 2930 pro

326 2951 423 3002 debita
434 2949 602 3001 eiecutionc
621 2950 731 3001 iustitie
742 2951 840 3002 raucas
852 2952 882 3002 ct
898 2951 1023 3015 assistas,
1034 2950 1121 3001 immo
1133 2949 1220 3001 etiam
1236 2947 1361 2999 horteris
1378 2947 1514 3009 eundem,
1525 2945 1555 2996 rt

325 3033 357 3086 in
368 3033 419 3085 tali
431 3046 525 3096 causo,
538 3046 593 3097 quc
611 3033 697 3084 fldem
708 3032 864 3095 concernit,
876 3045 907 3083 se
927 3046 984 3082 non
995 3032 1106 3082 tantum
1123 3030 1227 3081 iustum
1250 3028 1380 3093 prebeat,
1396 3029 1451 3080 sed
1468 3027 1553 3080 etiam

325 3117 497 3182 rigorosum,
510 3115 540 3165 vt
551 3115 581 3166 in
592 3129 647 3166 vno
660 3128 696 3166 ex
704 3113 809 3166 talibus
818 3113 1018 3179 deceptoribus
1029 3112 1156 3167 fidelium
1168 3113 1198 3164 et
1208 3109 1380 3176 simplicium
1391 3110 1554 3164 ammarum

325 3199 430 3252 ceteris
441 3198 571 3250 transeat
581 3198 613 3249 in
621 3197 793 3263 exemplum.

359 3282 477 3345 Datum,
489 3280 591 3343 Rome,
604 3281 659 3332 etc.

587 3394 708 3449 (leheim
725 3393 836 3448 archisi
854 3406 908 3446 ran
931 3392 982 3446 bet
1000 3392 1151 3457 Vetikaan,
1170 3394 1250 3447 Arm.
1269 3391 1407 3456 XXXIX,
1432 3390 1501 3444 dcet
1520 3389 1554 3454 V,

623 3479 674 3530 iol.
685 3477 822 3542 122,123;
843 3490 879 3529 eu
902 3476 966 3528 decl
988 3476 1037 3540 Vl,
1058 3476 1169 3543 101.58;
1187 3473 1343 3544 aigedrultt
1360 3475 1399 3540 bij
1417 3471 1554 3534 Cauchis,

620 3558 718 3614 Nicde
728 3559 883 3625 δενπινίον,
896 3558 949 3610 bla.
962 3558 1021 3611 329.

821 3769 1048 3870 151(266¹⁰).

377 3987 470 4068 1423,
478 3981 662 4052 December
677 3986 709 4063 1,
725 3984 843 4052 Rome.
863 3984 968 4050 Breve
983 4003 1048 4049 van
1065 3981 1228 4049 Martinus
1240 3981 1283 4061 V,
1300 3978 1431 4067 gericht
1447 3982 1500 4048 tot
1516 3978 1558 4047 de

328 4108 467 4176 graven,
486 4086 651 4156 beroenen
664 4107 704 4154 en
718 4087 898 4154 edelliedon
910 4106 974 4153 ran
985 4084 1044 4153 het
1054 4085 1252 4171 hertogdom
1264 4081 1490 4170 luxemburg,
1505 4103 1558 4151 orn

328 4191 395 4259 hon
411 4211 475 4259 san
492 4194 527 4258 te
548 4190 729 4257 wahkeren
746 4193 796 4258 tot
811 4190 871 4257 het
885 4188 1063 4275 vendelgen
1079 4188 1138 4255 der
1149 4187 1278 4255 letters
1290 4207 1352 4254 van
1370 4186 1555 4254 Bohemen.

329 4332 373 4347 -
388 4297 472 4362 bere
490 4294 617 4362 letters
640 4291 816 4380 bedreigen
845 4292 886 4360 de
902 4290 994 4358 Kerk
1018 4294 1086 4358 met
1113 4311 1174 4358 een
1200 4293 1299 4377 groot
1328 4308 1467 4376 gereon.
1498 4288 1558 4356 Ais

330 4397 438 4488 aiJnde
454 4397 494 4464 de
505 4396 741 4484 naastgelegen
753 4400 883 4464 mosten
899 4395 941 4463 de
953 4393 1132 4462 odellieden
1148 4413 1214 4460 van
1229 4393 1288 4461 het
1302 4390 1463 4460 Duitsehe
1478 4391 1559 4481 Rijk

331 4502 366 4569 in
380 4500 421 4568 de
436 4505 546 4569 seroie
561 4498 669 4592 plrats
691 4497 744 4567 die
766 4498 849 4567 reali
880 4503 934 4566 ter
958 4495 1056 4566 barte
1071 4515 1204 4566 nemen.
1228 4496 1368 4565 Daarom
1384 4501 1505 4584 spoort
1520 4494 1560 4564 do
