3188 5340
586 485 689 541 ANNO
707 485 771 539 13⁰7
1252 483 1299 538 171

75 661 179 718 clerici
197 659 339 716 seculares
349 660 385 713 do
395 658 460 725 ture
476 656 618 710 communi
628 654 735 709 debent
749 654 848 708 viuere
860 653 1057 715 communiter,
1070 651 1103 704 nt
1113 650 1192 718 patet
1204 649 1297 704 extra.

77 750 116 801 de
131 747 192 799 vita
207 746 237 799 et
254 744 353 796 hones.
374 741 545 795 clericorum
565 754 590 792 c.
609 752 698 808 quem,
720 738 754 790 ut
773 739 814 790 ait
836 736 1083 802 Scriptura.1tem
1105 735 1200 799 xxxijt
1219 734 1246 786 d.
1274 748 1300 786 c.

79 830 201 884 Praeter
211 829 240 880 ct
251 827 306 893 xij*
318 841 347 891 q.
358 825 382 877 l.
400 823 564 878 Necessario
575 822 676 874 mentm
685 834 732 873 rec
742 821 846 887 eoeiqot,
857 820 906 872 ubi
922 819 988 883 iura
1003 817 1119 883 copiosa
1135 818 1201 869 sunt
1211 829 1298 882 super

78 914 135 965 hac
145 913 176 965 et
186 921 329 976 expressa,
347 907 421 961 unde
439 907 515 959 inter
525 906 621 959 cetera
632 906 673 970 iij.
686 919 710 956 c.
723 903 841 957 Scimus.
855 904 901 956 Sic
910 904 1015 955 dicitur
1029 921 1034 954 :
1048 902 1158 955 8111116
1175 899 1224 952 dos
1242 913 1299 952 non

78 997 226 1062 ignorare,
246 992 361 1053 moes,
384 989 461 1054 quod
481 988 618 1041 hactenus
635 988 695 1039 vita
716 986 872 1039 communis
896 987 971 1037 inter
999 997 1096 1036 omnes
1125 982 1296 1035 christianos

79 1076 174 1144 riguit
183 1077 213 1127 et
223 1074 259 1126 de
270 1073 369 1141 gracia
385 1071 439 1123 Dei
449 1071 528 1138 viget
538 1073 567 1123 et
577 1070 700 1121 maxime
712 1069 787 1121 inter
804 1082 862 1129 ecs,
881 1066 928 1132 qui
945 1068 975 1118 in
987 1069 1094 1119 sortem
1106 1065 1219 1129 Domini
1234 1064 1301 1116 sunt

80 1159 177 1220 electi,
185 1158 216 1210 id
227 1158 272 1210 est
279 1154 407 1217 clericos,
418 1154 491 1206 sicut
503 1153 533 1205 in
542 1153 660 1205 Actibus
668 1149 861 1217 apostolorum
872 1150 994 1217 legitur3
1004 1149 1079 1202 unde
1090 1163 1097 1200 :
1111 1146 1303 1201 Multitudinis

80 1240 263 1294 credencium
279 1238 343 1292 erat
353 1249 403 1290 cor
412 1249 501 1289 unum
513 1237 542 1289 et
554 1237 649 1289 anima
659 1249 716 1288 una
728 1237 758 1287 in
771 1235 891 1287 Domino
907 1246 959 1286 nec
968 1233 1118 1297 quisquam
1128 1244 1229 1285 eornm
1247 1242 1304 1295 qas

78 1323 245 1391 possidebat
257 1320 366 1386 aliquid
384 1319 532 1386 proprium
544 1330 607 1371 esse
623 1319 745 1380 dicebat,
763 1318 813 1370 sed
835 1318 918 1368 erant
937 1315 996 1368 iliis
1013 1315 1109 1367 omnia
1127 1313 1300 1366 communia.

79 1408 120 1461 Et
135 1405 266 1459 subditur
284 1405 316 1456 in
332 1404 517 1469 sequentibus
529 1401 661 1468 capitulis
680 1415 767 1469 snper
777 1401 877 1454 eadem
888 1401 1017 1465 materia,
1029 1398 1158 1452 scilicet:
1180 1396 1247 1450 nolo
1271 1399 1305 1449 ut

79 1489 197 1555 aliquis.
205 1487 278 1541 Item
289 1501 346 1539 non
357 1486 459 1540 dicabs
478 1500 529 1537 vos
539 1486 646 1538 habere
658 1484 767 1550 aliquid
784 1484 940 1550 proprium.
953 1482 998 1536 lix
1016 1482 1120 1548 quibus
1131 1481 1215 1533 dictis
1233 1480 1302 1532 satis
1351 1481 1355 1490 '

80 1571 243 1625 ostenditur
258 1571 289 1622 ct
303 1568 422 1634 proprio
441 1567 545 1620 debere
568 1569 684 1633 propter
705 1567 909 1632 perfectionem
925 1565 1098 1630 contempni,
1118 1564 1173 1616 stc.
1191 1561 1304 1626 Exque

80 1656 173 1721 patet,
192 1653 268 1717 qucd
287 1650 470 1717 perfectionis
487 1651 531 1702 cst
547 1650 638 1702 eciam
660 1651 742 1701 extra
752 1647 923 1715 religionem
938 1648 968 1699 in
982 1646 1117 1699 societate
1139 1644 1260 1697 honesta
1275 1645 1305 1696 61

81 1733 430 1790 6111111111111111111161
440 1733 551 1797 viuere;
561 1732 636 1785 undo
644 1733 707 1797 1111ο
716 1730 801 1784 ethi:
818 1731 982 1784 Amicorum
993 1731 1036 1783 est
1047 1730 1142 1781 omnia
1155 1739 1218 1781 esse
1229 1739 1305 1778 com·
1344 1745 1346 1748 ·

82 1817 193 1871 munia.
201 1815 273 1871 Item
280 1816 440 1881 proprietas
448 1819 564 1880 propter
572 1813 714 1866 maliciam
725 1812 871 1864 hominum
882 1812 998 1864 inducta
1005 1813 1057 1874 cst,
1065 1812 1097 1867 ut
1106 1823 1158 1877 per
1170 1810 1306 1862 Senecam

82 1901 170 1954 xxix·
182 1896 313 1965 epistole,
324 1898 374 1949 ubi
390 1897 476 1949 dicit:
495 1895 586 1949 linita
596 1895 724 1949 anaricis
745 1894 908 1947 mortalium
924 1895 1129 1961 proprietatem
1151 1892 1303 1959 possessio-

83 1995 208 2048 nemque
216 1981 361 2043 disccrnit,
379 1979 595 2044 necquidquam
615 1979 741 2031 creditur
751 1992 834 2031 sunm
842 1991 914 2040 esse,
927 1978 1002 2044 quod
1013 1979 1044 2029 in
1058 1976 1203 2043 publicum
1215 1974 1303 2028 venit.

84 2065 161 2118 Item
167 2064 233 2130 jure
244 2064 342 2115 diuino
356 2064 385 2115 61
395 2063 459 2127 iure
471 2061 595 2114 naturali
614 2062 710 2113 omnia
720 2064 786 2114 sunt
802 2061 972 2123 communia,
985 2063 1016 2113 et
1027 2062 1145 2126 proptor
1156 2059 1306 2124 imperiec-

84 2147 195 2198 tionem
206 2145 353 2197 hominum
364 2145 400 2199 de
410 2145 475 2209 iure
482 2143 606 2196 humano
619 2143 781 2195 introducta
798 2145 864 2195 sunt
875 2156 969 2195 meum
981 2144 1011 2193 et
1021 2145 1111 2203 tuum,
1123 2142 1307 2193 attrectatur

86 2227 271 2280 distinctione
286 2227 346 2292 viij.
358 2241 383 2278 c.
401 2225 513 2295 Diffcrt,
524 2227 574 2279 ubi
591 2226 705 2289 dieitur,
717 2226 792 2292 quod
802 2227 866 2292 jure
884 2225 1014 2279 naturale
1036 2225 1132 2278 omnis
1150 2226 1216 2277 sunt
1232 2237 1307 2275 com·

86 2310 187 2364 munia
206 2310 346 2372 omnibus,
370 2309 445 2374 quod
464 2311 521 2361 n'cn
543 2307 636 2361 solum
657 2310 799 2362 intereos
818 2312 963 2363 seruatum
984 2309 1119 2370 creditur,
1143 2308 1178 2360 de
1206 2307 1309 2372 quibus

86 2393 205 2459 legitur,
218 2393 294 2457 qood
302 2390 493 2445 multitudinis
502 2391 683 2444 credencium
693 2393 755 2444 erat
763 2405 813 2444 cor
824 2405 912 2445 unum
923 2394 953 2445 et
960 2392 1056 2443 anima
1066 2404 1123 2445 una
1135 2404 1143 2454 ;
1164 2403 1262 2442 verum
1273 2401 1310 2442 ex

85 2473 253 2540 precedenti
260 2477 390 2540 tempore
401 2487 418 2527 a
429 2473 614 2540 phylosophis
625 2474 762 2527 1111111111
772 2475 928 2538 inuenitur,
946 2474 1021 2527 unde
1032 2473 1106 2540 apud
1119 2471 1268 2525 Platonem
1279 2472 1309 2524 in

86 2556 238 2622 Thymeo:
255 2557 361 2609 Ciuitas
372 2556 526 2609 iustissime
545 2556 676 2609 ordinata
692 2557 824 2619 traditur,
842 2558 873 2609 in
891 2570 947 2622 quo
958 2557 1078 2622 quisque
1089 2554 1181 2608 nescit
1191 2555 1309 2607 affectus

86 2639 231 2705 proprios.
247 2639 321 2692 Item
342 2638 511 2691 universalis
533 2638 634 2690 doctor
651 2638 771 2705 Egidius
793 2640 919 2691 tractans
934 2639 970 2690 de
990 2637 1130 2705 regimine
1150 2635 1311 2704 principum

88 2715 162 2769 illud
180 2718 255 2782 qnod
265 2721 363 2771 mouet
373 2716 567 2785 phylosophus
579 2718 621 2783 iii.
632 2717 759 2784 politice,
769 2719 864 2771 utrum
876 2717 1009 2783 expediat
1019 2716 1130 2769 ciuitati
1141 2719 1237 2770 omnia
1247 2729 1310 2770 esse

87 2801 261 2863 communia,
278 2801 348 2853 dicit
366 2813 509 2866 expresse.
525 2801 610 2864 quod,
623 2802 648 2853 si
656 2799 786 2853 homines
796 2800 991 2866 utplurimum
1002 2799 1141 2853 haberent
1151 2797 1310 2863 appetitum

87 2880 125 2932 ad
137 2881 251 2944 bonum,
264 2882 412 2946 expediret
434 2883 545 2935 ciuitati
565 2885 758 2949 possessiones
776 2896 838 2936 esse
860 2895 1030 2943 communes,
1053 2894 1088 2934 eo
1110 2882 1186 2946 qucd
1206 2881 1311 2931 bonum

87 2965 197 3027 quanto
207 2965 385 3016 communius
396 2965 475 3016 tanto
487 2966 613 3019 diuinins
628 2982 636 3031 3
654 2980 738 3018 omne
754 2967 832 3019 enim
848 2966 954 3018 bonum
965 2966 995 3017 iu
1006 2977 1154 3017 commune
1165 2963 1311 3016 redactum

87 3058 204 3097 sensum
214 3044 362 3111 pulchrius
374 3049 502 3100 accessit.
514 3048 575 3101 Hec
586 3047 645 3102 iltc.
659 3049 732 3101 Item
752 3050 787 3101 ad
795 3049 874 3114 jdem
885 3049 991 3116 arguit,
1004 3047 1072 3112 quia
1088 3047 1182 3100 unitas
1199 3056 1316 3109 semper

87 3128 191 3194 pocior
198 3129 242 3180 est
249 3127 443 3191 multitudine,
455 3129 608 3182 multitudo
620 3131 697 3182 enim
710 3131 745 3183 ab
756 3132 864 3183 unitate
875 3130 1013 3197 procedit.
1032 3129 1113 3183 Unde
1124 3128 1217 3194 prima
1228 3138 1314 3179 61161

89 3212 169 3264 Deus
180 3211 252 3275 ipse,
275 3211 324 3275 qui
346 3213 478 3279 arguitur
497 3226 560 3265 esse
577 3227 686 3265 summe
703 3214 803 3275 bonus,
816 3214 948 3281 arguitur
968 3225 1077 3266 summe
1094 3225 1175 3264 unus.
1194 3209 1314 3262 Videtur

89 3305 163 3359 ergo
175 3291 277 3345 ciuitas
289 3306 351 3346 esse
361 3308 471 3348 summe
483 3296 566 3358 bona,
584 3296 609 3347 si
626 3297 714 3348 tuerit
730 3297 878 3361 potissima
889 3310 947 3349 una
959 3312 967 3360 ς
985 3296 1090 3361 quanto
1110 3293 1187 3345 enim
1203 3291 1314 3356 aliquid

89 3374 127 3426 sd
156 3374 296 3427 unitatem
323 3377 462 3442 procedit,
484 3379 563 3430 tauto
591 3379 656 3445 plus
684 3380 893 3444 appropinquat
920 3379 955 3432 ad
981 3378 1134 3431 terminum
1154 3375 1312 3439 bonitatis;

89 3468 189 3522 ymmo
216 3456 322 3509 ibidem
349 3458 454 3520 subdit,
484 3460 560 3523 quod
587 3461 645 3513 vite
672 3461 853 3525 perfectioris
872 3461 917 3512 est
940 3473 997 3511 non
1024 3459 1130 3511 habere
1154 3458 1315 3526 proprium,

87 3538 213 3604 perlecti
222 3542 317 3592 autem
328 3541 412 3605 pauci
423 3544 490 3593 sunt
501 3544 631 3607 respectu
648 3543 780 3595 aliorum.
794 3543 855 3595 Hec
870 3540 922 3594 ille
938 3557 962 3594 c.
981 3542 1034 3607 iiij.
1052 3541 1118 3594 libri
1131 3540 1312 3608 preallegati.

88 3619 135 3672 Ex
160 3620 262 3685 quibus
287 3623 374 3687 patet,
400 3623 476 3687 quod
499 3625 686 3690 periecticnts
706 3627 750 3676 est
775 3625 963 3676 communiter
988 3625 1085 3677 viuere
1113 3626 1204 3678 eciam
1231 3625 1314 3678 extra

87 3702 273 3769 religionem.
299 3703 382 3756 Unde
407 3718 443 3758 ex
470 3707 606 3771 predictis
634 3707 675 3757 sic
697 3709 793 3772 posset
820 3709 940 3760 formari
962 3709 1056 3761 racio:
1086 3707 1162 3761 Illud
1182 3708 1256 3773 quod
1279 3707 1314 3760 de

86 3799 144 3838 sna
160 3786 263 3839 natura
277 3788 322 3838 est
337 3787 443 3840 bonum
454 3790 484 3842 et
501 3789 581 3840 cuius
599 3789 759 3855 oppositum
771 3788 864 3842 solum
880 3795 998 3858 propter
1013 3791 1156 3844 maliciam
1166 3790 1314 3842 hominum

86 3870 136 3921 eat
154 3867 355 3933 introductum,
373 3884 431 3922 non
456 3873 500 3923 est
518 3871 686 3935 hereticum,
705 3887 799 3938 ymmo
819 3875 918 3940 pocius
934 3874 1112 3926 meritorium
1135 3875 1164 3925 et
1183 3871 1312 3934 licitum3

86 3950 142 4003 sed
158 3950 201 4002 sic
221 3953 266 4002 est
284 3951 319 4004 de
335 3955 524 4006 communiter
540 3955 647 4016 viuere,
671 3957 702 4006 ut
725 3958 804 4021 patet
822 3970 859 4009 ex
884 3957 1040 4022 predictis3
1058 3969 1138 4021 ergo,
1160 3956 1214 4006 etc.
1238 3953 1311 4005 Item

85 4034 176 4086 utam
197 4032 284 4085 vitam
306 4033 435 4088 christus
457 4049 522 4088 cum
545 4036 681 4102 apostolis
704 4038 806 4101 tenuit,
835 4041 867 4090 11
886 4040 965 4104 patet
992 4039 1023 4089 in
1050 4036 1217 4104 ewangelio.
1238 4035 1311 4087 Item

86 4113 216 4182 apostoli
223 4121 253 4167 et
263 4116 455 4182 apostolorum
466 4117 598 4184 discipuli
611 4120 640 4171 et
651 4122 712 4172 tota
724 4122 871 4186 primitiua
880 4119 1000 4172 ecclesia
1009 4121 1247 4172 continuauerunt
1257 4135 1264 4183 3
1283 4120 1313 4170 et

86 4200 143 4262 sic,
156 4196 344 4264 multiplicata
356 4200 412 4252 tide
429 4201 459 4253 et
470 4202 676 4268 reirigescente
687 4204 806 4255 caritate
823 4204 853 4254 61
867 4205 1011 4256 crescente
1029 4202 1143 4254 malicia
1154 4202 1312 4264 hominum,

85 4280 224 4347 quamuis
234 4281 289 4334 iste
298 4283 398 4335 modus
409 4297 465 4335 non
477 4285 565 4336 tuerit
576 4297 629 4337 ncc
638 4287 675 4337 sit
684 4299 774 4351 usque
786 4299 861 4336 nunc
872 4287 913 4336 ita
925 4285 1098 4352 regulariter
1110 4286 1139 4337 et
1150 4285 1312 4336 communi-

85 4367 137 4418 ter
148 4363 318 4416 obseruatus
329 4366 361 4416 11
377 4365 407 4417 in
425 4367 572 4432 primitius
583 4368 714 4430 ecclesia,
725 4369 800 4419 sicut
810 4369 901 4421 eciam
912 4382 964 4421 nec
976 4368 1032 4421 alia
1048 4368 1167 4420 consilia
1179 4381 1315 4434 ewange-

84 4447 160 4509 lica,
171 4448 266 4499 tmen
275 4460 312 4499 ex
325 4447 380 4500 hoc
393 4461 449 4500 non
469 4450 607 4515 sequitur,
620 4451 695 4516 quod
712 4451 750 4501 sit
769 4450 973 4516 prohibendus,
991 4452 1064 4502 sicut
1075 4464 1128 4503 nec
1138 4450 1316 4517 prohibenda
1353 4497 1358 4505 .

82 4531 161 4588 sunt
179 4527 238 4584 alia
253 4530 381 4595 consilia,
393 4545 488 4599 ymmo
504 4534 604 4600 pocius
620 4533 859 4611 commendsndus
875 4537 928 4601 est,
945 4534 1029 4589 sicui
1045 4535 1122 4590 Deus
1141 4547 1177 4589 ex
1197 4533 1315 4600 speciali
