3188 5340
206 485 255 543 ira
727 486 829 541 Anno
848 485 912 539 laos

207 653 338 706 obstante
358 651 550 706 clementina:
571 650 642 706 uam
663 650 698 704 de
722 648 888 720 quamdam
910 649 1025 703 Ertrav.
1047 651 1082 702 de
1103 649 1186 717 relig.
1211 649 1299 701 dom..
1324 646 1414 702 Omnia

207 737 293 790 etiam
310 735 431 787 invicem
454 733 543 786 libere
566 734 784 796 communicare,
807 734 851 786 vel
873 733 903 784 in
923 745 1071 785 commune
1098 745 1216 797 ponere,
1239 734 1284 784 eat
1312 732 1414 783 omuino

207 818 316 871 licitum
326 818 356 870 et
363 817 551 880 meritorium,
561 817 628 881 quia
645 817 739 869 omnia
758 830 820 869 esse
840 816 1009 877 communia,
1022 816 1066 867 est
1081 814 1155 880 legis
1167 813 1315 866 naturalia.
1327 813 1374 866 Pr.
1385 813 1416 866 Il.

204 901 258 954 dus
280 898 417 952 Naturale
441 900 495 951 etc.
518 898 596 951 VIII.
615 899 645 951 O.
670 900 781 951 Diflcrt.
803 897 871 950 XII.
893 912 941 962 qu.
954 898 977 950 1.
1002 912 1027 951 c.
1048 894 1247 956 Memmio,
1265 897 1322 948 etc.
1339 895 1374 948 El
1390 897 1416 946 in

205 982 327 1049 pristIna
338 980 458 1034 ecclesia
470 982 565 1033 omnia
584 982 666 1033 erant
683 981 851 1043 communia,
863 981 924 1034 Act.
944 979 1018 1043 1111;
1031 980 1105 1030 unde
1126 980 1211 1030 etiam
1232 977 1332 1030 clerici
1347 991 1418 1029 secu·

205 1064 281 1118 lares
292 1065 373 1117 extra
396 1062 565 1129 religionem
583 1064 737 1115 secundum
748 1063 864 1126 antiqua
873 1064 938 1126 jura
955 1062 1093 1114 deberent
1108 1062 1203 1113 vivere
1220 1060 1249 1112 in
1271 1059 1417 1122 communi,

204 1161 257 1213 per
279 1147 363 1212 capit.
379 1144 518 1204 Quoniam
534 1152 624 1208 cotra,
646 1148 712 1211 etc,
724 1143 759 1197 de
775 1147 831 1197 aito
848 1151 874 1197 et
887 1143 1029 1196 donatote
1039 1141 1162 1195 clericor.
1176 1143 1242 1195 XII.
1260 1143 1314 1203 Qu.
1328 1141 1351 1194 1.
1371 1156 1418 1206 per

203 1228 294 1280 multa
305 1243 330 1279 c.
340 1227 415 1281 XVI.
425 1242 471 1292 qu.
485 1228 509 1280 Ι.
520 1243 544 1279 c.
568 1228 696 1281 Decimae
710 1227 833 1280 XXXII.
853 1228 880 1278 d.
904 1242 928 1278 c.
950 1228 1065 1292 praeter
1081 1226 1168 1279 habet
1189 1227 1226 1277 de
1247 1240 1293 1278 eo.
1315 1225 1343 1276 d.
1355 1239 1379 1276 v.
1392 1225 1417 1276 iu

202 1311 342 1363 omuibus.

161 1390 167 1403 '
234 1393 307 1446 Item
318 1392 387 1444 licet
404 1406 489 1444 unam
508 1406 658 1458 personam
669 1392 786 1457 habere,
798 1406 870 1457 quac
883 1405 981 1445 curam
998 1393 1097 1443 domus
1114 1390 1228 1452 babeat,
1237 1389 1292 1442 VII
1305 1403 1332 1454 q.
1344 1403 1369 1442 r.
1385 1386 1418 1441 ln

199 1474 307 1544 opibus,
325 1477 380 1527 etc.
398 1474 435 1527 Et
455 1475 522 1526 licet
541 1489 572 1526 se
594 1476 629 1527 ad
650 1475 840 1527 obedientiam
861 1474 904 1525 ilii
921 1474 1051 1541 obligare
1074 1487 1130 1525 nou
1153 1473 1286 1534 debeant,
1304 1475 1417 1537 possunt

200 1559 295 1609 tamen
307 1557 422 1608 monitis
433 1557 495 1621 ejus
506 1556 664 1609 voluntarie
676 1558 865 1621 acquiescere,
878 1556 922 1608 vel
940 1555 1059 1608 consilia
1069 1556 1105 1607 ab
1125 1569 1160 1607 eo
1179 1555 1321 1620 recipere,
1334 1555 1415 1605 immo

199 1639 291 1704 quivis
302 1639 396 1704 potest
406 1639 521 1689 monitis
534 1641 563 1690 et
575 1638 699 1690 consiliis
719 1639 801 1690 bonis
813 1641 1014 1703 cuiuscumque
1031 1638 1155 1690 bominis
1173 1637 1365 1701 acqutescere.
1382 1636 1415 1689 Bt

199 1721 254 1773 boc
265 1721 369 1771 dicItur
380 1720 410 1771 iu
420 1721 538 1772 caritate
550 1721 675 1774 obedire.
690 1720 714 1773 1.
727 1722 790 1772 Pet.
803 1720 843 1774 II.
854 1721 965 1774 Subditi
977 1721 1068 1773 estote
1081 1721 1158 1772 omui
1180 1718 1323 1771 humanae
1343 1732 1415 1771 crea·

198 1805 290 1865 turae,
300 1805 418 1867 propter
428 1800 586 1854 Dominum.
599 1803 636 1854 Et
652 1804 681 1854 iu
693 1804 793 1855 eadem
813 1804 895 1868 epist.
909 1803 989 1856 Petri
1007 1818 1069 1868 cap.
1079 1803 1102 1855 1.
1114 1802 1312 1856 castificantes
1334 1801 1415 1852 corda

198 1886 292 1936 vestra
303 1885 333 1935 in
353 1884 515 1936 obedientia
526 1885 663 1947 caritatis,
676 1887 730 1938 etc.
741 1884 821 1937 Idem
843 1886 912 1937 satis
934 1885 1056 1937 habetur
1072 1899 1108 1937 ex
1128 1884 1222 1937 uerbis
1241 1883 1412 1937 SJIhomae

198 1966 298 2028 Quodl.
311 1965 376 2030 VII,
389 1966 485 2027 Quest.
495 1966 547 2019 XI.
715 2027 719 2035 Ι

229 2049 285 2101 Sed
296 2049 415 2100 forsitan
433 2050 594 2114 praedictae
612 2049 747 2101 solutioni
764 2064 813 2102 seu
831 2050 1008 2116 responsioni
1029 2050 1131 2115 aliquis
1152 2049 1328 2115 opponeret:
1347 2048 1413 2108 Quia

196 2131 292 2183 omnia
308 2130 430 2198 collegia
441 2133 505 2182 sunt
525 2131 637 2197 illicita,
649 2133 704 2184 uisi
715 2133 872 2197 probentur
884 2147 945 2185 esse
957 2133 1104 2199 permissa,
1117 2133 1146 2183 u.
1160 2133 1195 2184 de
1216 2129 1283 2182 coll.
1296 2129 1411 2182 inicii

196 2217 226 2266 et
239 2212 306 2266 LIII
316 2214 345 2264 et
356 2215 392 2265 de
408 2213 462 2264 hoc
474 2216 554 2265 notat
566 2214 704 2267 Ostiensis
716 2216 745 2266 in
757 2215 882 2280 Summa,
896 2215 952 2267 Tit.
962 2216 998 2267 de
1010 2213 1287 2280 procurator.‚R.de
1304 2213 1410 2266 Sindieo

194 2295 238 2360 51
255 2296 303 2348 ubi
314 2310 321 2347 :
332 2295 468 2346 Traditur
486 2296 680 2348 autem.1dem
699 2296 807 2362 legitur
817 2298 847 2349 et
863 2298 978 2349 notatur
994 2311 1046 2363 per
1058 2297 1158 2350 Hean.
1168 2296 1221 2351 Bo.
1231 2297 1299 2361 post
1308 2294 1409 2349 Ostien-

194 2393 264 2440 sem,
277 2380 306 2430 et
315 2376 401 2430 loan.
413 2378 448 2430 de
461 2379 622 2430 excessibus
632 2392 661 2443 p.
673 2377 790 2442 Dilecta
804 2381 859 2431 etc.

226 2461 426 2524 Respondetur
446 2458 609 2524 dupliciter:
635 2461 747 2513 Primo:
772 2462 852 2521 Quod
874 2462 1047 2527 praemissae
1073 2475 1213 2526 personae
1238 2474 1297 2513 nou
1320 2458 1407 2511 mount

194 2540 392 2608 collegialiter,
415 2556 467 2593 nec
479 2555 531 2607 per
551 2543 665 2593 modum
685 2543 810 2610 collegii,
828 2545 878 2596 sed
894 2544 1125 2611 congregationis
1143 2544 1320 2606 caritativae,
1337 2541 1405 2594 omui

192 2625 256 2688 jure
268 2622 373 2686 licitae,
386 2625 460 2688 quod
470 2624 511 2675 iia
519 2624 671 2688 probatur:
682 2625 746 2677 Non
758 2627 835 2677 cuim
846 2627 951 2678 sufficit
962 2627 998 2678 ad
1017 2626 1081 2690 hoc,
1095 2627 1127 2678 ut
1143 2627 1181 2677 sit
1191 2625 1346 2693 collegium
1366 2621 1402 2675 rel

193 2720 305 2771 corpus,
317 2707 391 2769 quod
400 2704 497 2771 plures
508 2706 591 2757 simul
604 2706 734 2760 habitent
749 2706 794 2759 vel
813 2710 889 2760 stent
898 2708 991 2770 simul,
1010 2711 1042 2761 ut
1061 2709 1130 2760 satis
1147 2707 1263 2760 elicitur
1283 2720 1320 2760 ex
1330 2705 1402 2758 dietis

192 2788 345 2854 Extravag.
370 2789 404 2839 de
423 2788 507 2840 elect.
529 2787 558 2840 O.
582 2787 775 2842 Sacrosoneto.
795 2791 849 2843 Sed
869 2793 959 2851 actus,
980 2792 1082 2855 quibus
1098 2790 1237 2857 probatur
1259 2788 1400 2856 eolleglum

192 2871 346 2938 secuudum
367 2868 535 2933 Ostiensem,
564 2872 630 2922 sunt
649 2886 797 2924 commuue
815 2872 952 2938 sigillum,
978 2874 1008 2925 et
1031 2888 1098 2925 usus
1126 2871 1216 2940 sigilli
1244 2871 1398 2930 communis,

191 2955 329 3005 tractatus
352 2953 507 3003 communis
527 2953 557 3003 iu
577 2953 711 3017 capitulo,
732 2968 799 3006 arca
816 2956 981 3018 communis,
999 2956 1194 3017 reiectorIum,
1212 2953 1397 3006 dormitorium

191 3048 349 3087 commune.
370 3035 445 3087 ldem
458 3037 537 3086 notat
546 3033 641 3086 Archi.
652 3036 687 3087 X.
698 3049 744 3099 qu.
764 3036 787 3088 1.
799 3052 822 3088 c.
837 3037 861 3088 l.
871 3035 943 3090 Item
953 3039 1108 3090 secundum
1116 3037 1314 3090 Innocentium
1326 3046 1396 3100 super

191 3120 276 3181 caput
289 3115 404 3177 Dilecto,
416 3114 451 3169 de
466 3116 620 3169 cornibus
625 3116 830 3184 praelatorum,
849 3120 1008 3187 Collegium
1027 3120 1130 3172 recidit
1145 3119 1176 3170 in
1187 3133 1277 3172 uuum
1288 3119 1318 3172 u.
1329 3115 1391 3178 Quod

191 3200 327 3264 cujusque
339 3200 414 3250 univ.
428 3199 501 3251 sicut
511 3199 540 3250 iu
553 3201 586 3250 si.
601 3199 735 3253 Hov.d.c.
746 3201 774 3253 d.
785 3202 839 3253 Sed
849 3202 969 3254 societas
981 3205 1072 3254 morte
1082 3201 1235 3254 cuiuslibet
1245 3199 1391 3253 dissoluitur

191 3283 219 3334 u.
247 3296 298 3346 pro
318 3282 404 3332 socio.
423 3281 496 3333 Item
513 3283 667 3334 secundum
684 3282 893 3348 InnocentIum,
916 3284 965 3336 ubi
996 3285 1040 3337 est
1061 3283 1225 3350 collegium,
1249 3298 1306 3336 non
1324 3279 1388 3334 debet

191 3364 334 3416 conveniri
347 3362 467 3426 quilibet
475 3364 568 3415 socius
585 3365 620 3415 de
633 3366 824 3416 contractibus
836 3366 914 3418 initis
926 3367 1041 3419 nomine
1060 3366 1215 3430 societatis,
1228 3367 1278 3419 sed
1289 3364 1385 3418 sociem

191 3447 252 3511 ipsa
264 3448 383 3506 tautum,
400 3444 466 3497 XII.
485 3459 511 3509 q.
537 3443 577 3496 Il.
601 3445 739 3504 Quotam
760 3448 942 3501 unanimiter.
955 3449 1028 3501 Item
1046 3447 1200 3514 collegium
1219 3447 1337 3514 speciale
1345 3442 1384 3496 ubi

191 3541 293 3579 nomen
311 3527 420 3588 tribuit,
434 3528 465 3577 ut
484 3526 636 3592 collegium
648 3529 676 3580 S.
690 3528 771 3580 Petri
790 3530 835 3582 vel
852 3531 982 3583 Andreae
994 3530 1051 3582 Col.
1065 3529 1109 3583 vel
1119 3530 1321 3583 Monacborum
1336 3525 1383 3579 ali

189 3611 290 3670 sancti,
303 3609 367 3661 talis
377 3609 508 3670 civitatis,
520 3611 674 3661 secundum
686 3611 846 3663 Ostiensem
857 3613 887 3664 in
899 3613 1023 3674 Summa,
1041 3613 1098 3664 Tit.
1116 3613 1152 3664 de
1171 3613 1292 3667 Pmeur.
1313 3613 1343 3666 It
1357 3607 1382 3659 dt

190 3693 313 3746 sindico.
326 3691 386 3743 Imo
399 3690 552 3757 collegium
572 3694 726 3744 secundum
743 3695 940 3746 Innocentium
960 3694 1054 3759 potest
1071 3694 1250 3759 superiorem
1269 3695 1382 3761 deligere·

189 3776 238 3840 qui
266 3788 364 3826 causas
386 3775 481 3839 potest
508 3788 690 3840 cognoscere,
719 3778 748 3827 et
776 3778 924 3842 syndicum
949 3777 1132 3830 constituere.
1162 3776 1237 3831 Item
1254 3775 1381 3831 secundun

189 3858 286 3910 Iunoc.
315 3856 436 3908 socletas
464 3857 589 3908 omnium
609 3857 747 3909 bonorum
774 3873 831 3910 non
850 3860 920 3911 iacit
939 3859 1103 3926 collequm,
1123 3859 1179 3911 nisi
1208 3862 1244 3913 ad
1260 3854 1381 3912 bacini·

188 3943 285 3992 tuatur
294 3941 325 3990 ut
336 3940 374 3990 ait
385 3938 537 4005 collegium
550 3938 614 4007 ethi
626 3954 698 4004 quae
710 3940 767 3993 alia
778 3942 844 3993 suut
861 3943 897 3994 de
915 3944 979 4007 jure
997 3945 1026 3995 et
1043 3956 1106 3995 esse
1118 3941 1244 4009 collegii.
1257 3938 1381 4004 OuiburIr

187 4022 249 4073 istis
261 4021 390 4085 personis
407 4022 562 4073 secundum
578 4021 674 4074 thema
686 4037 741 4073 nou
763 4026 1007 4087 concurrentibus,
1031 4026 1087 4076 dici
1109 4039 1166 4076 nou
1184 4025 1290 4077 debent
1299 4024 1384 4078 babere

187 4102 350 4169 collegium,
362 4104 411 4155 sed
423 4102 590 4167 simpliciter
598 4105 771 4157 societatem.
785 4106 890 4172 Magna
902 4108 945 4158 est
956 4109 1052 4159 autem
1063 4107 1311 4161 differentiainter
1320 4103 1386 4160 colle·

187 4187 266 4254 glum
278 4187 307 4238 et
316 4184 473 4250 simplicem
484 4186 659 4249 societatem,
673 4189 703 4238 ut
712 4191 791 4252 patet
802 4202 837 4240 ex
850 4189 943 4242 dictis.

219 4269 348 4322 &cundo
376 4268 470 4332 potest
497 4269 673 4332 responderi,
702 4271 788 4334 quod,
815 4271 869 4322 etsi
896 4273 1069 4337 praemissae
1088 4285 1229 4339 personae
1251 4271 1393 4342 collegium

187 4349 377 4412 instituerent,
391 4350 542 4401 dummodo
560 4351 632 4402 citra
654 4350 833 4419 religIouem‚
855 4356 885 4405 et
904 4354 961 4407 alia
977 4354 1073 4408 debite
1093 4358 1310 4421 concurrerent,
1321 4354 1396 4410 eolle-

185 4434 265 4498 g'ium
293 4446 391 4485 eorum
413 4428 489 4484 esset
508 4434 544 4484 de
562 4435 704 4486 communi
723 4437 788 4499 jure
810 4437 979 4502 permissum
1005 4439 1036 4490 et
1057 4437 1283 4505 permittendum
1302 4440 1333 4492 et
1348 4454 1398 4492 nou

182 4514 315 4567 illicitum
327 4516 401 4578 quod
413 4516 500 4580 patet.
513 4515 590 4568 Istae
608 4517 684 4568 enim
693 4531 842 4583 personae,
855 4521 886 4571 ut
903 4519 933 4571 in
946 4519 1071 4575 themate
1089 4520 1285 4586 diatonium
1305 4525 1401 4578 tenues
