3256 5324
639 297 743 352 ANNO
761 291 826 349 1⁴18
1299 295 1347 348 rel

10 458 12 465 ’
86 462 241 529 sigillata
257 464 330 518 mihi
349 466 386 518 ad
405 464 585 531 instigatoris
604 464 770 516 instantiam
791 464 821 514 in
845 461 967 528 quadam
987 473 1073 512 causa
1095 458 1162 510 fidei
1185 459 1343 525 respondeo

81 545 353 601 deliberationem
372 561 465 600 meam
484 548 569 600 istam
588 560 651 600 esse
663 561 715 613 pro
735 546 873 613 presenti,
892 544 968 609 quod
991 556 1088 594 coram
1104 541 1344 594 reuerendissima

73 629 288 691 paternitate
308 633 405 682 restra
420 633 614 683 ccnuocentur
625 629 763 695 theologi,
776 630 824 693 qui
842 629 954 680 suntin
972 625 1027 677 boc
1042 637 1123 676 sacro
1140 623 1271 686 concili0,
1285 625 1345 688 qui·

71 709 161 761 bus
182 700 368 778 proponatur
390 714 519 776 materia,
543 716 576 765 ιιι
598 713 814 764 communicetis
833 713 957 763 inuicem
978 708 1122 761 communi
1138 705 1345 759 deliberatione

65 792 170 844 sine
182 796 374 848 contentione
385 794 462 846 dicat
481 795 595 847 tandem
612 796 806 858 unusquisque
829 794 858 844 in
872 792 985 858 publico
998 792 1026 843 id
1044 791 1119 855 quod
1130 790 1186 841 sibi
1202 788 1346 840 videbitur

58 875 301 930 ‹aonios-miter
312 878 348 930 sd
361 891 472 930 sacram
482 879 664 943 scripturam,
682 880 712 930 et
732 877 793 929 illic
804 891 859 943 ego
877 877 906 926 in
918 878 1047 927 fauorem
1065 874 1132 925 ddei
1144 870 1208 923 volo
1219 870 1344 923 libenter

56 956 275 1026 interesse3
292 975 350 1013 non
366 962 444 1014 enim
455 961 541 1013 debet
552 960 618 1012 talis
636 961 758 1012 materia
769 961 798 1010 in
811 959 937 1012 tenebris
953 957 998 1009 vel
1015 955 1228 1022 particulariter
1240 955 1344 1006 termi-

57 1039 181 1103 nari,
196 1041 252 1094 md
263 1045 453 1097 communiter
475 1045 505 1096 et
525 1045 556 1094 in
575 1043 650 1107 luce,
661 1045 694 1095 ut
705 1042 836 1108 quilibet,
848 1043 897 1108 qui
917 1041 1058 1101 intererit,
1077 1039 1167 1105 possit
1177 1037 1222 1090 vel
1239 1038 1342 1090 docere

54 1119 146 1175 vel
160 1122 278 1189 doceri,
290 1127 358 1178 dum
368 1140 400 1179 se
417 1128 515 1179 mutuo
528 1126 664 1191 quislibet
675 1125 829 1192 intelliget,
842 1128 871 1178 et
883 1124 970 1176 tatem
982 1123 1096 1175 modum
1114 1123 1224 1174 seruari
1241 1122 1271 1173 in
1288 1121 1343 1173 hcc

54 1204 235 1259 concilio
247 1208 279 1260 in
296 1210 389 1261 causis
406 1209 473 1261 fidei
485 1209 556 1261 mihi
568 1208 726 1260 commissis
737 1224 744 1272 ;
763 1211 792 1261 et
809 1207 1004 1268 nihilominus,
1017 1205 1086 1271 quia
1103 1206 1198 1257 nescio
1210 1205 1235 1256 si
1246 1218 1344 1257 occur·

54 1287 181 1342 terit
194 1291 322 1354 occasio,
332 1292 407 1356 quod
420 1306 477 1344 non
488 1305 601 1358 possem
612 1292 751 1345 interesse
770 1292 800 1342 in
818 1290 1021 1342 conuocatione
1032 1290 1181 1354 premissa,
1193 1288 1258 1339 dico
1269 1287 1343 1351 quod

51 1368 179 1427 mibi
189 1375 320 1425 occurrit
327 1375 360 1425 ut
369 1375 508 1438 wqultur.

134 1452 357 1521 Propositionis
376 1456 439 1509 siue
456 1456 662 1520 conclusiones,
681 1471 768 1523 super
778 1457 881 1522 quibus
897 1456 930 1506 nt
946 1455 1103 1520 inquisitio,
1121 1453 1228 1506 habent
1243 1453 1344 1506 lunda.

52 1538 242 1592 nechim
252 1538 346 1604 prime
357 1539 549 1592 conclusionis
566 1539 734 1605 principale,
747 1539 823 1604 quod
833 1541 877 1591 est
894 1551 1055 1598 erroneum,
1068 1549 1230 1603 repugnans
1239 1534 1344 1587 nedum

56 1618 218 1673 rationi
236 1619 401 1689 theologice
417 1623 448 1675 et
460 1620 573 1684 morali,
591 1623 640 1674 sed
660 1622 746 1691 etiam
769 1621 962 1674 obseruationi
980 1621 1126 1685 primitius
1145 1618 1275 1681 ecclesie,
1287 1632 1344 1682 que

61 1701 250 1755 scribitur
260 1704 323 1756 Act.
336 1704 401 1770 iiij,
413 1705 462 1757 ubi
480 1705 521 1757 sic
539 1706 569 1756 in
580 1707 674 1756 torma
682 1705 808 1757 dicitur:
828 1725 841 1746 ι
851 1703 1043 1755 Multitudinis
1060 1704 1155 1754 autem
1166 1701 1344 1753 credentium

58 1785 173 1835 erat
191 1799 244 1837 cor
256 1800 346 1839 uuum
366 1790 396 1840 et
413 1789 509 1840 anima
528 1801 593 1849 una,
615 1801 667 1839 nec
685 1788 834 1851 quisquam
853 1800 954 1838 eorum
971 1799 1026 1850 que
1044 1785 1216 1850 possidebat,
1235 1782 1343 1848 aliquid

69 1879 194 1918 §uum
213 1881 278 1921 esse
295 1870 417 1932 dicebat,
435 1871 486 1922 sed
503 1884 556 1922 nec
575 1871 724 1935 quisquam
736 1883 824 1935 egens
845 1871 907 1921 erat
929 1871 1006 1920 inter
1027 1866 1129 1929 idos,-
1150 1871 1204 1920 etc.
1228 1869 1344 1936 Constat

67 1949 208 2014 isque
227 1951 304 2016 quod
320 1953 351 2003 in
368 1951 420 2004 illa
447 1953 671 2019 congregatione
693 1953 841 2018 primitius
868 1954 983 2004 luerunt
1006 1950 1088 2002 multi
1116 1952 1230 2004 uxorati
1247 1954 1277 2003 et
1293 1949 1341 2016 aiij

84 2030 292 2085 diuersarum
309 2035 504 2087 conditionum
522 2036 676 2098 seculares,
689 2037 738 2100 qui
756 2035 866 2086 scilicet
878 2048 933 2085 non
951 2036 1034 2085 eraut
1053 2034 1163 2085 astricti
1182 2048 1235 2099 per
1245 2036 1341 2085 votum

95 2113 146 2163 ad
156 2116 215 2167 tria
232 2115 352 2169 consilia
363 2116 533 2183 euangelica
545 2119 694 2182 castitatis,
707 2118 868 2169 obedientie
880 2119 909 2169 et
917 2116 1093 2182 paupertatis
1103 2117 1339 2180 quemadmodum

105 2199 174 2247 sunt
184 2198 312 2263 prolessi
330 2198 504 2266 religionum
515 2214 568 2266 per
583 2201 697 2252 beatum
709 2199 858 2261 Basilium,
872 2199 1057 2252 Benedictum
1069 2201 1097 2250 et
1108 2200 1299 2264 Augustinum
1308 2213 1341 2252 ac

108 2277 220 2331 similes
231 2280 471 2344 introductarum,
489 2296 559 2348 quas
572 2285 625 2335 iste
636 2297 745 2348 ponens
756 2282 919 2334 huiusmodi
937 2280 1132 2334 conclusiones
1145 2280 1251 2347 apellat
1261 2295 1341 2334 veras
1400 2279 1404 2287 '

112 2358 271 2428 religiones
286 2367 421 2429 tauquam
438 2367 520 2418 extra
531 2364 596 2417 illas
613 2380 669 2417 non
687 2367 724 2416 sit
743 2379 811 2418 vera
833 2365 947 2431 religio,
969 2365 1044 2429 quod
1064 2363 1167 2416 falsum
1185 2367 1238 2426 est,
1256 2365 1342 2415 immo

113 2439 282 2508 hereticum,
296 2448 321 2498 si
337 2448 379 2498 sic
401 2461 455 2514 per
470 2449 659 2513 precisionem
676 2447 865 2514 intelligatur,
886 2451 1021 2512 quoniam
1040 2446 1197 2498 christiana
1215 2460 1284 2498 vera
1300 2449 1344 2498 est

108 2523 214 2592 fatigio
232 2528 321 2580 etiam
338 2529 412 2594 apud
428 2528 583 2593 seculares,
593 2531 759 2582 utJacobus
777 2530 806 2581 in
827 2530 964 2581 canonica
976 2543 1027 2580 sua
1038 2530 1172 2580 notanter
1189 2530 1340 2594 expressit.

132 2606 214 2662 Sunt
224 2614 361 2676 preterea
370 2613 400 2662 in
412 2611 497 2663 dictis
507 2613 750 2677 propositionibus
761 2612 850 2664 multe
862 2610 989 2663 clausule
1002 2612 1130 2676 opposite
1143 2609 1220 2661 ultra
1231 2611 1341 2674 predic·

98 2685 160 2743 ίιιω
173 2692 373 2758 principalem
383 2693 625 2746 fundamentalem
637 2709 775 2756 errorem,
789 2695 863 2758 quod
881 2693 1024 2745 seculares
1042 2706 1099 2745 non
1111 2694 1230 2757 possunt
1242 2693 1343 2744 viuere

87 2769 159 2827 tine
172 2776 310 2840 proprio,
323 2776 372 2840 qui
389 2778 517 2828 continet
533 2791 666 2842 magnam
677 2778 878 2838 temeritatem,
892 2774 1056 2827 scandalum
1070 2777 1154 2839 atque
1164 2775 1341 2839 proteruiam

80 2854 116 2903 et
131 2871 220 2922 qnae
239 2859 356 2923 possent
370 2856 537 2924 singillatim
555 2860 713 2925 reprobari,
727 2863 776 2911 ut:
795 2860 870 2924 quod
883 2858 978 2910 dicere
991 2858 1150 2922 oppositum
1162 2856 1250 2921 illius,
1264 2857 1339 2921 quod

73 2934 202 3004 alique
214 2939 414 2992 conclusiones
426 2955 477 2992 sue
499 2943 657 3004 continent,
674 2943 712 2993 sit
729 2942 898 3003 hereticum,
917 2943 991 3005 quod
1003 2941 1041 2991 sit
1058 2939 1208 3004 implicans
1226 2942 1336 2991 contra·

67 3015 281 3085 dictionem
295 3023 369 3086 quod
386 3023 424 3074 sit
435 3027 583 3088 peccatum
595 3023 724 3086 mortale,
743 3025 818 3088 quod
829 3024 921 3075 omnis
938 3024 1046 3075 iaciens
1058 3025 1158 3074 contra
1173 3023 1238 3073 iura
1255 3035 1338 3074 cano·

72 3105 182 3162 nica.
198 3107 302 3171 peccat
313 3104 492 3169 mortalitem
505 3107 586 3158 etita
597 3106 795 3178 desimilibus.

127 3188 193 3239 Est
204 3188 298 3254 igitur
314 3187 482 3241 deliberatio
500 3202 573 3250 mea,
595 3189 669 3253 quod
687 3192 804 3254 propter
815 3190 871 3241 ista
888 3191 917 3241 et
934 3188 1050 3253 similia,
1069 3202 1125 3254 que
1137 3190 1276 3240 tractatus
1293 3186 1338 3240 vel

64 3262 238 3333 libellus,
247 3283 265 3322 a
274 3284 331 3336 quo
342 3273 408 3322 sunt
417 3274 544 3323 extracta
553 3270 750 3323 conclusiones
761 3285 810 3324 seu
820 3273 1031 3337 propositiones
1040 3271 1194 3333 antedicta,
1202 3271 1339 3335 continet,

62 3350 286 3404 damnandus
303 3354 390 3403 estut
406 3365 544 3404 erroneus
556 3355 585 3405 et
597 3354 766 3405 temerarius
787 3355 815 3405 et
827 3353 1009 3405 scandalosus
1027 3357 1056 3405 et
1067 3357 1099 3405 ut
1117 3354 1221 3419 dogma
1234 3352 1337 3404 laisum

67 3446 190 3488 sacre
201 3434 345 3499 scripture
356 3436 541 3497 contrarium,
551 3439 580 3488 et
591 3450 644 3502 per
655 3449 831 3500 consequens
843 3437 917 3500 quod
929 3438 1067 3487 tractatus
1080 3438 1122 3487 est
1134 3434 1298 3487 hereticalis
1312 3437 1341 3486 et

72 3518 170 3585 igni
183 3518 350 3574 tradendus.
363 3521 496 3572 Ceterum
513 3518 548 3570 de
566 3520 755 3585 compositore
772 3524 909 3573 tractatus
929 3519 1088 3571 deliberent
1105 3520 1212 3571 domini
1227 3519 1341 3582 iuriste‚

77 3603 172 3653 istis
186 3603 306 3654 attentis
317 3604 385 3668 quid
403 3603 555 3670 agendum.

139 3684 177 3735 In
188 3685 385 3737 testimonium
402 3686 604 3750 premissorum
621 3686 738 3751 propria
749 3698 833 3737 manu
846 3684 1000 3750 subscripsi
1018 3686 1113 3735 vester
1131 3686 1208 3735 totus
1222 3684 1337 3745 Petrus,

89 3767 265 3820 cardinatis
278 3769 501 3820 cameracensis.

374 3884 402 3939 J.
432 3886 468 3937 de
496 3886 612 3948 Gereon,
632 3885 731 3953 Opera,
750 3884 802 3935 blz.
830 3882 861 3933 21
888 3881 914 3934 Y
936 3897 972 3935 en
990 3881 1021 3932 21
1047 3880 1073 3933 Y
1096 3895 1193 3946 vers03
1215 3881 1271 3934 ocis
1300 3880 1337 3946 bij

406 3967 442 4020 H.
472 3982 526 4019 von
550 3969 601 4019 der
627 3968 729 4031 Hardt,
760 3967 840 4022 Cone.
862 3981 918 4020 osc.
941 3965 1158 4026 constamnes,
1189 3963 1252 4017 deel
1283 3964 1338 4027 ΙΙΙ,

408 4051 460 4102 blz.
476 4049 597 4102 112-115.
