3256 5324
629 120 733 177 ANNO
752 118 816 172 1³97
1280 131 1328 184 167

393 288 511 350 talium,
533 286 734 350 clementinas,
747 301 885 341 summam
901 287 1048 353 Ostiensis,
1060 288 1265 358 Innocentium,
1278 292 1328 347 Os·
1394 308 1400 320 ·

399 371 521 424 tiensem
541 370 570 422 in
587 370 697 422 duobus
715 368 914 434 voluminibus,
937 371 1114 426 Bemardum
1136 374 1329 440 compostula·

402 467 530 515 nensem,
560 453 716 506 Heuricum
746 454 824 518 Boyc
861 467 948 521 super
973 455 1131 510 decretales
1157 457 1188 509 in
1216 456 1326 510 duobus

401 535 603 598 voluminibus,
628 535 884 601 Archydyaoonum
909 538 939 589 et
953 536 1113 591 iohannem
1138 539 1269 592 monachi
1296 545 1326 594 et

400 617 542 670 novellam
560 617 700 670 iohannis
720 619 832 672 Andree
849 633 934 685 super
950 623 1061 673 sextum
1078 621 1182 674 librum
1201 623 1327 677 cereta.

400 700 481 778 lium,
495 701 607 767 Dynum
624 702 654 753 et
670 700 810 753 novellam
829 700 968 754 lobannis
979 704 1092 757 Andree
1108 718 1195 770 super
1209 706 1324 773 regulus

398 783 471 848 juris
483 783 551 835 libri
562 785 645 835 sexti.
660 802 671 829 ι
684 783 722 850 (S.
732 782 877 845 Bormans,
887 784 930 837 Lo
941 783 1064 838 librario
1080 783 1115 837 dc
1128 785 1160 838 ‘lo
1179 785 1325 856 Collepiole

397 863 432 917 de
443 863 564 918 iss-Paul
574 868 593 917 d
602 865 685 932 Litpe
696 879 736 917 ou
747 864 777 919 X
782 864 814 917 V⁶
831 863 922 930 siecle,
935 867 965 918 in
983 867 1039 921 den
1058 866 1222 937 Buuoptse
1237 868 1322 940 telos,

397 947 460 1002 deel
472 947 497 1012 1,
510 947 595 1014 1866).

590 1203 662 1271 110
690 1196 816 1291 (242⁴).

123 1409 271 1499 (Einde
286 1415 396 1484 1397?
423 1408 583 1495 Utrecltt).
613 1409 885 1479 Verweerschrift
913 1430 976 1478 usn
1007 1410 1192 1480 Eversrdus
1218 1414 1315 1495 ane,
1374 1448 1377 1466 v

69 1517 204 1592 deken
221 1513 280 1582 der
295 1512 602 1583 stealvatorskerk
617 1511 741 1592 aldaar,
761 1516 816 1580 teu
841 1520 960 1600 gunste
972 1513 1031 1582 der
1048 1516 1206 1604 Begijuen
1221 1517 1320 1586 deser

73 1623 268 1715 gewesten
283 1621 382 1706 tegen
405 1616 446 1684 de
473 1635 666 1683 sermoenen
687 1635 728 1682 eu
752 1615 793 1682 de
812 1616 972 1685 schrilten
1003 1637 1068 1684 van
1092 1638 1194 1685 eeuen
1219 1619 1319 1687 hurer

76 1721 264 1816 vijanden.
285 1758 326 1770 -
353 1721 399 1788 lle
430 1718 697 1806 rechtgeloovige
723 1720 881 1809 Begijuen
914 1741 977 1787 vau
1010 1719 1068 1788 het
1100 1721 1318 1792 Utrechtsche

78 1825 232 1899 worden
248 1823 488 1912 uitdrukkelijk
504 1822 538 1889 in
561 1822 787 1909 beschermiug
816 1843 975 1910 genomen
990 1823 1070 1890 door
1085 1823 1125 1892 de
1140 1822 1196 1893 bul
1212 1827 1318 1897 Recta

80 1927 183 2002 mise
210 1949 275 1997 van
300 1925 497 2001 Benedictus
521 1926 598 1994 XlI.
626 1927 764 1993 Duarum
788 1925 880 1994 lauit
906 1926 952 2015 hij
977 1926 1138 2013 dengene,
1164 1926 1215 1995 die
1238 1928 1316 1998 dene

82 2032 255 2121 Bcgijnen
267 2031 301 2098 in
316 2031 400 2120 ziJne
415 2050 607 2098 sermoeneu
625 2049 670 2125 en·
683 2028 841 2096 schrilten
853 2029 1013 2117 verguist.
1030 2030 1087 2096 llie
1102 2027 1315 2100 onbesonnen

81 2155 171 2207 man
193 2155 254 2202 zou
277 2134 351 2201 veel
366 2132 461 2201 buter
486 2128 569 2200 doen
585 2132 669 2199 haar
695 2130 738 2221 bij
766 2132 829 2200 den
858 2132 1006 2220 bisschop
1031 2152 1095 2200 aen
1116 2137 1151 2201 te
1177 2132 1310 2222 iligen,

81 2239 205 2309 indien
227 2237 273 2326 hij
298 2236 362 2304 ists
392 2256 472 2304 over
492 2235 572 2303 hare
603 2235 811 2325 levenswiJze
840 2243 926 2304 west
949 2237 982 2304 in
1011 2242 1045 2304 te
1071 2234 1230 2323 breugen.
1259 2239 1315 2308 Dit

78 2342 171 2411 alles
202 2340 312 2408 wordt
343 2338 491 2427 gestaald
518 2358 558 2425 op
584 2338 711 2406 allerlei
745 2340 890 2407 teksteu.
923 2339 994 2406 Ook
1028 2339 1068 2405 de
1094 2337 1150 2406 bul
1184 2337 1312 2409 Sancta

75 2446 250 2513 Romanu
260 2463 328 2511 ran
339 2443 505 2511 lohannes
518 2442 618 2532 XXII
629 2442 696 2510 lan
711 2446 809 2529 tegeu
826 2441 866 2510 de
878 2442 1141 2530 rechlgeloovige
1153 2444 1311 2532 BeglJneu

73 2550 158 2621 niet
174 2550 311 2619 worden
326 2551 537 2638 ingeruepen‚
557 2550 664 2616 zoouls
680 2549 777 2638 blijkt
802 2551 851 2618 uit
873 2550 913 2618 de
927 2548 984 2617 bul
1000 2550 1060 2617 Ee
1076 2553 1229 2640 injuncto
1245 2571 1309 2619 vsu

67 2650 269 2742 Gregorius
291 2655 353 2723 XI.
383 2653 499 2721 Alleen
516 2652 556 2720 de
578 2650 728 2739 bisschop
752 2653 842 2721 heelt
860 2653 967 2721 machi
983 2651 1117 2721 uuerde
1134 2652 1305 2743 Begijnen,

64 2753 153 2827 niet
176 2778 241 2826 een
263 2755 539 2846 oudergeschikte
561 2756 772 2844 (inquisiteur
785 2757 825 2844 l).

105 2907 254 2981 &quaer
275 2908 356 2964 uliud
375 2910 511 2976 scriplum
528 2909 636 2978 prefuit
657 2909 786 2976 martiri
807 2915 833 2961 st
854 2905 1195 2962 deminiEuererdiFoec
1209 2915 1308 2963 centra

56 2992 248 3058 madan,
265 2995 314 3063 qul
323 2994 354 3045 in
371 2992 546 3045 sermonibus
556 2993 616 3044 suis
621 2991 735 3060 publice
746 2992 891 3045 consueuit
902 2989 1049 3046 detrahere
1059 2989 1167 3046 ἀσαοείε
1173 2995 1304 3063 pesona

54 3067 101 3122 ²³⁸
113 3075 390 3144 conprimentem
401 3073 630 3128 cohabitantibus.

102 3179 232 3235 Omissa
239 3181 407 3249 prolixitate
419 3181 575 3234 uerborum
586 3179 723 3241 inanium,
735 3192 790 3244 que
801 3177 875 3231 solet
890 3178 1067 3230 auditoribus
1078 3191 1217 3245 generare
1228 3182 1308 3234 lasti·

54 3255 168 3328 (lium.
192 3267 227 3317 ut
249 3266 314 3330 iura
334 3263 600 3330 calumpniancium
620 3262 668 3326 qui
688 3261 855 3327 plerumque
878 3260 967 3313 multa
978 3261 1108 3314 uidentes
1124 3263 1154 3313 et
1170 3261 1307 3327 adpauca

54 3347 272 3413 respicientes
284 3347 319 3399 de
330 3345 410 3398 iacih
418 3347 572 3399 enunciare
584 3346 688 3410 solent,
697 3347 860 3398 confutetur
870 3346 1016 3397 temeritas
1027 3346 1057 3397 et
1066 3345 1173 3399 veritas
1180 3345 1307 3399 resoluta

54 3430 191 3481 erroris
203 3428 330 3496 caligine
341 3429 462 3495 prodeat
478 3429 509 3479 in
526 3428 629 3509 lucem,
642 3429 734 3494 primo
746 3428 846 3479 contre
854 3427 927 3479 hanc
935 3427 1084 3480 materiam
1095 3428 1139 3480 est
1150 3427 1305 3493 sciendum,

58 3512 153 3574 quod
173 3512 468 3576 sistusquarumdam
488 3511 641 3563 mulierum
657 3511 759 3563 harum
777 3510 913 3576 parcium,
931 3522 986 3574 que
998 3509 1083 3575 vulgo
1095 3510 1306 3577 Beghineuun·

57 3596 234 3661 capenum,
248 3608 305 3646 non
314 3596 357 3647 est
365 3607 418 3661 per
426 3595 492 3659 iura
508 3595 686 3659 reprobatus,
704 3595 734 3646 et
745 3595 853 3645 trustra
863 3593 918 3643 sibi
929 3591 1074 3644 blanditur
1085 3594 1184 3645 tenens
1200 3593 1305 3645 statum

58 3676 184 3730 talium
194 3676 349 3730 mulierum
359 3691 412 3742 per
422 3675 573 3729 ecclesiam
582 3678 765 3743 reprobatum
776 3677 894 3742 propter
902 3673 1107 3727 clementinam
1115 3674 1150 3727 de
1161 3674 1305 3742 religiosis

59 3759 223 3822 domibus,
245 3760 312 3825 quia
329 3758 381 3812 illa
393 3759 570 3812 clementina
589 3759 717 3823 loquitur
727 3759 762 3810 de
780 3756 927 3824 Beghinis,
940 3771 995 3823 quo
1007 3757 1043 3809 dc
1054 3770 1163 3808 summa
1176 3757 1305 3809 trinitate

66 3847 105 3902 et
117 3842 222 3895 diuina
233 3843 361 3895 essencia
372 3843 518 3909 disputant
529 3844 558 3896 et
575 3842 645 3894 alias
657 3842 784 3894 curiosas
796 3841 944 3907 opiniones
956 3840 1033 3891 circa
1044 3837 1180 3892 articulos
1191 3839 1258 3891 ildei
1275 3840 1306 3891 et

66 3922 276 3988 ecelesiastica
289 3927 468 3998 sacramenta
479 3927 509 3978 et
519 3925 609 3977 multa
617 3924 675 3976 alia
691 3923 820 3989 pericula
830 3924 988 3975 animarum
1006 3922 1152 3987 parieucia
1162 3921 1214 3973 sub
1226 3936 1303 3974 sanc·

73 4009 178 4075 titulis
191 4010 286 4061 iucatc
304 4008 445 4062 velamine
458 4009 593 4062 inducere
610 4008 820 4075 presumebant,
839 4020 958 4072 quarum
969 4007 1059 4058 status
1075 4007 1119 4057 est
1146 4005 1304 4068 damnatus,

76 4107 116 4164 ut
130 4093 205 4162 putet
214 4093 344 4144 seriatim
355 4105 407 4158 per
420 4092 580 4145 discursum
598 4091 677 4143 illius
697 4091 873 4143 Clementiae
888 4101 977 4154 usque
989 4088 1024 4140 ad
1036 4089 1054 4151 5
1064 4086 1137 4140 Sane
1147 4085 1302 4146 molseon

80 4192 113 4251 et
134 4174 227 4229 eudem
238 4175 257 4241 9
269 4176 541 4229 commendaturaut
552 4174 652 4228 saltem
663 4174 839 4242 permittitur
849 4173 939 4225 status
950 4170 1064 4225 illarum
1074 4169 1237 4234 mulierum,
1248 4183 1305 4237 que
