3256 5324
204 489 255 541 202
726 481 831 537 Anno
849 479 913 532 1417

205 653 319 707 centum
336 649 518 705 marcharum
538 649 590 702 fini
605 647 719 716 argenti
736 647 812 702 dicte
823 648 904 701 curio
920 648 1018 703 nostre
1038 649 1272 717 applicandorum
1288 654 1319 706 et
1331 653 1436 721 inpios

203 751 272 790 usus
280 736 502 802 erogandarum,
515 745 551 785 ne
559 732 765 799 premissorum
777 731 925 784 occasione
943 731 1052 796 aliquid
1064 734 1283 788 contradictum
1295 737 1434 790 clericum

204 821 443 885 circapersonam
461 814 507 868 vel
518 815 731 879 bonaejusdem
747 815 892 875 innovent,
902 815 1064 880 immutent,
1075 818 1254 884 attemptent,
1268 820 1433 886 decernant,

204 903 340 966 statuant,
353 899 482 966 judicent
493 898 523 949 in
532 897 663 962 aliquove
674 897 830 963 procedant
841 897 934 962 ipsum
946 897 1092 962 capiendo,
1104 900 1242 964 vexando,
1255 900 1433 956 molestando

204 987 255 1039 aut
267 983 345 1037 aliud
357 982 488 1035 iaciendo
502 990 552 1033 seu
565 981 628 1032 fleri
637 980 826 1046 procurando,
839 979 914 1044 quod
923 979 1014 1031 sitvel
1025 993 1087 1033 esse
1098 983 1187 1047 possit
1198 983 1228 1035 in
1240 986 1338 1038 nostre
1349 987 1432 1051 juris·

204 1068 339 1119 dictionis
350 1064 546 1118 ecclesiastice
558 1062 748 1128 prejudicium
766 1062 966 1128 privilegiique
978 1062 1119 1115 clericalis
1138 1066 1311 1134 vituperium
1324 1070 1354 1122 et
1365 1071 1433 1123 dicti

203 1150 303 1202 clerici
315 1150 480 1213 dampnum,
493 1145 628 1210 iniuriam
640 1157 690 1197 seu
702 1158 870 1211 gravamen3
892 1145 959 1208 quid
982 1146 1049 1199 inde
1061 1146 1188 1199 feceritis
1207 1151 1289 1203 nohis
1309 1151 1434 1206 fideliter

203 1234 404 1288 rescribentes.

236 1317 271 1369 In
289 1316 371 1380 cuius
393 1314 438 1366 rei
454 1313 649 1366 testimonium
671 1311 799 1379 sigillum
822 1325 935 1365 camere
955 1314 1051 1366 nostre
1070 1315 1250 1379 presentibus
1269 1316 1376 1369 litteris
1391 1320 1435 1370 est

204 1413 369 1466 appensum.

237 1484 342 1536 Datum
359 1483 389 1535 et
401 1483 497 1534 actum
510 1479 633 1532 Tornaci
644 1479 675 1530 in
687 1479 753 1531 aula
764 1479 922 1545 paramenti
939 1480 1040 1530 domus
1051 1482 1148 1533 nostre
1159 1479 1339 1547 episcopalis,
1358 1496 1433 1533 anno

204 1566 319 1618 Domini
339 1565 381 1617 Μο
393 1562 481 1618 0000
492 1561 598 1628 XVH0,
615 1563 689 1615 teria
709 1562 794 1615 tertia
810 1563 874 1628 post
893 1564 998 1615 testum
1014 1564 1222 1630 assumptionis
1240 1564 1324 1618 beate
1341 1564 1433 1618 Mario

203 1662 332 1716 virgime.

462 1734 660 1800 Rijlssarchiel
677 1749 730 1787 van
752 1735 881 1801 Brussel‚
894 1733 1052 1789 Canulooe
1063 1733 1098 1789 de
1109 1733 1227 1789 roccae
1244 1735 1279 1791 de
1295 1736 1432 1802 Toumas,

497 1819 517 1871 t.
531 1817 574 1873 111
583 1818 670 1882 (Man.
682 1816 736 1885 56),
748 1817 798 1869 fol.
808 1817 851 1870 46.

690 2042 763 2110 1so
792 2036 941 2132 (soar).

246 2234 344 2315 1417,
368 2236 549 2326 Aupuslus
571 2239 625 2316 20,
654 2234 751 2303 (ient.
770 2235 995 2322 Verzaohting
1019 2234 1098 2302 door
1115 2235 1180 2303 Jan
1198 2255 1263 2303 van
1289 2235 1428 2324 Theisy,

202 2341 352 2428 bisschop
366 2362 430 2408 van
446 2341 600 2420 Doornik,
622 2345 814 2426 toegestaan
839 2359 902 2406 san
921 2338 983 2405 den
1001 2337 1267 2424 gebsnvloekten
1285 2338 1436 2426 priester

201 2445 344 2514 Richard
357 2445 400 2512 du
416 2445 576 2531 Crooquet
592 2445 625 2511 in
642 2444 728 2532 aijne
744 2442 923 2529 opgelegde
939 2439 1178 2528 boetedoening
1196 2462 1204 2510 :
1230 2443 1317 2530 nijne
1331 2442 1436 2511 bede·

200 2554 297 2617 vaart
319 2549 369 2616 zal
386 2549 431 2636 hij
458 2569 574 2635 mogon
591 2547 674 2614 doen
692 2566 773 2613 naar
795 2546 835 2612 de
851 2546 947 2631 kapel
972 2562 1034 2612 van
1051 2545 1090 2614 0.
1105 2547 1142 2614 L.
1162 2546 1288 2613 Vrouw
1305 2566 1347 2634 op
1365 2545 1430 2613 den

200 2653 298 2720 Zasel
326 2657 359 2720 te
387 2652 522 2721 Brussel
554 2651 587 2717 in
613 2650 704 2719 stede
732 2671 796 2717 van
825 2669 908 2716 naar
934 2649 973 2716 de
1004 2648 1043 2715 Ο.
1072 2651 1110 2717 L.
1136 2649 1370 2717 Vronwekerk
1394 2652 1429 2719 te

199 2762 224 2827 ’s
240 2758 512 2846 Hertogenbosch
528 2763 563 2828 te
579 2765 707 2825 moeten
732 2757 856 2824 reizen.
873 2795 914 2808 -
933 2757 991 2824 Die
1006 2757 1147 2844 priester
1172 2777 1242 2824 was
1265 2756 1348 2825 door
1363 2758 1426 2828 den

198 2861 349 2948 hisschop
373 2862 585 2930 vercordeeld
609 2861 786 2949 gewordsn
811 2861 845 2928 in
872 2861 1007 2948 overlsg
1038 2865 1105 2928 met
1133 2859 1195 2927 den
1219 2861 1426 2950 pauselijlien

198 2965 394 3136 fflirsgteur
420 2965 454 3032 in
492 2967 515 3035 ’t
548 2964 740 3053 koninkrijls
769 2963 962 3052 Frankrijk,
996 2963 1059 3032 den
1087 2962 1285 3050 predikheer
1313 2965 1427 3033 Pieter

197 3211 308 3268 tuero
322 3214 504 3282 mitigationis
522 3215 607 3282 otopii
625 3213 747 3283 medos
757 3227 812 3282 per
832 3213 939 3266 wtum
956 3212 1104 3266 dominum
1126 3215 1286 3282 episcopum
1300 3214 1426 3281 gratim

736 3311 874 3351 concesso.

230 3396 386 3461 iohannes,
398 3398 582 3452 miseratione
595 3398 690 3451 divina
698 3397 886 3451 ‘tornacensis
895 3397 1054 3463 episcopus,
1064 3396 1169 3450 dilecto
1179 3396 1260 3448 nobis
1269 3397 1300 3449 in
1309 3396 1426 3450 Christo

197 3479 343 3534 Richards
364 3483 402 3533 du
422 3481 572 3546 Grocquet,
598 3482 713 3545 clerico,
735 3481 847 3533 subdito
871 3484 901 3533 et
921 3480 1088 3546 justiciabili
1111 3482 1220 3545 nostro,
1246 3478 1371 3533 salutem
1395 3481 1427 3534 in

198 3564 328 3616 Domino.

231 3646 302 3699 Cum
318 3660 409 3713 nuper
421 3649 569 3701 occasione
585 3651 729 3702 certorum
740 3647 910 3701 delictorum
921 3662 939 3699 a
950 3650 979 3700 te
991 3647 1216 3710 commissorum,
1229 3647 1349 3711 propter
1370 3660 1429 3712 que

197 3731 368 3784 sententiam
377 3733 678 3785 excommunicationis
687 3734 717 3784 et
726 3731 796 3784 alias
805 3745 893 3798 penas
901 3730 1114 3796 incurreras‚de
1123 3728 1241 3780 consilio
1250 3729 1429 3782 venerabilis

198 3815 227 3864 et
239 3813 368 3879 religiosi
380 3815 435 3866 viri
451 3816 583 3882 magistri
604 3817 684 3868 Petri
702 3816 817 3877 Floure,
830 3815 938 3866 ordinis
958 3815 1080 3865 fratrum
1099 3813 1320 3877 predicatorum,
1343 3827 1429 3867 sacre

197 3893 343 3963 theologie
371 3899 550 3963 professoris,
573 3899 750 3963 inquisitoris
778 3898 904 3950 heretice
927 3897 1075 3961 pravitatis
1102 3910 1154 3962 per
1182 3898 1273 3947 totum
1299 3909 1430 3963 regnum

197 3978 318 4031 Francis
327 3980 484 4045 apostolica
494 3983 663 4033 auctoritate
673 3980 835 4046 specialiter
843 3981 1016 4045 deputati,te
1028 3977 1188 4030 sentialiter
1199 3979 1430 4043 condempnave-

196 4061 286 4113 rimus
295 4061 331 4113 ad
341 4061 532 4114 accedendum
543 4075 665 4129 peregre
678 4064 708 4114 et
724 4060 914 4127 personaliter
933 4059 1113 4114 inhonorem
1131 4062 1184 4113 Dei
1196 4063 1225 4114 et
1233 4062 1315 4114 beate
1333 4062 1430 4116 Maris

195 4143 316 4210 virginis
334 4143 407 4195 acin
428 4145 625 4197 remissionem
636 4145 832 4210 peccaminum
849 4144 885 4196 ad
904 4144 1074 4196 visitandum
1092 4144 1191 4196 limina
1208 4143 1329 4196 ecclesie
1348 4145 1430 4198 dicte

197 4226 279 4279 beate
292 4226 383 4279 Maris
395 4228 515 4294 virginis
526 4229 562 4280 de
575 4228 667 4279 Busco
680 4228 766 4280 Ducis
778 4229 807 4279 in
821 4228 985 4290 Brabantia‚
998 4229 1028 4280 te
1039 4228 1074 4279 ab
1086 4227 1248 4292 hujusmodi
1260 4240 1429 4280 excommu-

196 4309 348 4361 nicationis
368 4311 511 4362 sententia
530 4311 713 4372 absolvendo,
732 4312 878 4363 reservata
898 4311 979 4362 nobis
1003 4311 1167 4376 specialiter
1186 4311 1328 4376 potestate
1349 4312 1429 4362 miti·

195 4392 292 4457 gandi,
310 4392 448 4454 mutandi,
466 4391 624 4457 relaxandi,
637 4395 722 4459 prout
731 4393 785 4445 hoc
797 4395 826 4445 et
837 4392 894 4445 alia
906 4394 935 4444 in
948 4393 1024 4445 diota
1040 4395 1138 4444 nostra
1154 4393 1296 4444 sententia
1307 4393 1428 4457 plenius

195 4475 391 4540 continentum
409 4478 438 4527 et
450 4477 485 4527 de
497 4478 561 4541 post
572 4476 654 4527 nobis
671 4475 819 4529 humiliter
838 4476 1051 4542 supplicaveris,
1069 4478 1101 4526 ut
1117 4476 1243 4541 siagium
1260 4476 1428 4540 predictum

195 4559 305 4611 mutare
322 4560 353 4611 et
364 4559 511 4613 abreviare
528 4559 733 4629 dignaremur3
752 4574 803 4613 nos
815 4559 914 4628 igitur,
931 4572 1011 4612 more
1022 4558 1063 4625 pii
1087 4559 1176 4626 patris
1193 4559 1427 4614 misericordiam
