3188 5340
666 521 770 575 ANNO
790 519 929 573 lieeiaee
1372 519 1403 570 ⁴7

218 694 304 777 gsiut
315 690 460 758 Andreas
471 690 590 758 Silvius
603 687 863 754 Marohianensis
877 708 957 754 over
969 689 1026 755 het
1040 688 1228 775 vervolgen,
1248 687 1403 755 verbran·

161 838 176 845 --
218 795 259 860 deu
269 815 299 860 en
313 792 473 861 herkeren
491 814 553 860 van
571 792 642 859 veel
659 791 786 858 ketters
798 791 878 857 door
894 790 956 857 den
970 791 1166 876 predikheer
1181 792 1317 861 Robert.

237 934 298 985 inno
312 933 425 986 Domini
438 931 502 986 1225
517 930 582 998 (lm
592 946 601 983 τ
612 929 694 994 1235).
715 930 757 982 De
777 930 910 982 mandato
929 933 1033 983 summi
1053 932 1196 997 pontificis
1213 931 1345 997 Gregorii
1361 930 1404 982 IX

216 1017 269 1067 venit
277 1018 357 1069 irater
364 1016 509 1069 Robertus
518 1015 554 1067 de
562 1014 663 1067 ordine
673 1013 884 1077 predicatorum
893 1014 922 1064 in
935 1027 1057 1080 regnum
1069 1014 1189 1067 Francia
1201 1016 1231 1066 ot
1240 1014 1404 1065 comitatum

215 1096 383 1152 dunensem
400 1101 430 1152 et
444 1098 548 1150 multos
565 1097 715 1161 utriusque
732 1109 817 1147 sexus
834 1097 1008 1148 examinavit
1024 1099 1059 1149 de
1077 1098 1143 1161 tide,
1159 1095 1263 1148 multos
1275 1095 1404 1149 infideles

213 1183 352 1248 corrumpsit
364 1181 487 1234 dammis
499 1180 649 1232 ultricibus
661 1180 690 1230 et
700 1177 805 1230 multos
816 1181 953 1243 perpetuo
966 1180 1075 1232 carceri
1092 1180 1272 1245 mancipavit.

441 1296 568 1349 Andreas
581 1293 685 1348 Silvius
697 1293 922 1345 Marchianensia
936 1293 973 1358 hij
994 1294 1087 1357 Perta,
1099 1292 1295 1358 Monumento,
1313 1293 1403 1362 Sosip-

474 1386 555 1440 torcs,
569 1377 633 1432 deel
645 1376 750 1439 XXVI,
764 1375 817 1427 hla.
830 1375 889 1428 215.

725 1549 779 1619 aa
803 1541 906 1639 (95⁴).

240 1742 415 1830 12354βῖ6,
439 1741 664 1809 Vloanderen.
680 1740 861 1809 Uittreksel
877 1740 926 1807 uit
942 1758 1023 1806 eene
1038 1738 1256 1827 gelijktijdige
1272 1739 1406 1827 kroniJk

208 1859 251 1907 uu
263 1842 409 1911 Soiseons
422 1864 501 1911 over
516 1843 656 1911 broeder
672 1842 822 1912 Robert’e
839 1843 1146 1928 kettervervolging
1161 1843 1194 1908 in
1212 1841 1403 1931 Frankrijk,

207 1943 402 2026 Vliauderen,
422 1947 644 2034 champagne,
662 1947 879 2034 Bourgondie’,
891 1946 1102 2014 ena-Eone
1118 1946 1262 2033 menigte
1278 1945 1407 2014 kettere

207 2049 313 2116 werden
330 2050 583 2137 aengehouden,
608 2051 688 2117 door
710 2050 751 2117 de
767 2050 957 2138 goestelijke
981 2049 1168 2117 overheden
1192 2048 1405 2116 veroordeeld

206 2171 298 2221 onaan
310 2153 351 2232 de
367 2153 569 2243 wereldlijke
586 2154 695 2221 machi
712 2154 959 2240 overgeleverd.
976 2153 1121 2240 Eenigen
1139 2153 1254 2221 echter
1270 2152 1403 2219 werden

205 2255 305 2324 aleohts
328 2255 514 2344 geherkerd
538 2278 590 2323 om
613 2256 708 2324 boete
731 2265 764 2325 te
789 2257 895 2337 doen;
923 2277 1014 2323 maer
1036 2257 1193 2339 anderen,
1219 2256 1271 2322 die
1293 2257 1405 2345 hunne

203 2355 313 2447 ietterij
331 2359 401 2427 niet
418 2360 536 2427 wilden
549 2359 726 2438 afzweren,
741 2361 874 2426 werden
889 2359 1052 2427 verbrund
1065 2380 1104 2426 en
1119 2361 1230 2427 hunne
1243 2359 1404 2445 goederen

201 2462 342 2532 ierbeurd
358 2465 545 2534 verhlaard.
566 2465 620 2532 Dit
642 2465 723 2532 alles
745 2463 908 2550 gebeurde
932 2464 999 2531 niet
1014 2464 1120 2530 ulleen
1144 2462 1192 2530 dit
1213 2463 1298 2550 jaer,
1317 2483 1408 2529 maer

202 2565 248 2632 ook
267 2566 457 2655 gcdurende
479 2568 519 2635 de
535 2566 604 2634 drie
629 2569 835 2654 voorgaunde
859 2589 900 2634 eu
924 2567 964 2634 de
980 2565 1044 2654 rijf
1055 2566 1215 2652 volgende
1226 2567 1337 2655 jeron,
1364 2586 1405 2632 eu

203 2667 268 2736 lotar
280 2690 358 2757 nog.

226 2804 411 2860 uccxxm
414 2844 464 2860 .....
491 2807 689 2861 Heretioorum
710 2808 834 2862 maxima
853 2806 1015 2871 multitudo,
1039 2822 1109 2872 quos
1132 2807 1246 2871 quidam
1269 2807 1406 2858 vocabant

206 2886 332 2956 hulgeros,
357 2889 409 2943 eiii
428 2891 527 2953 Pissos,
548 2904 601 2956 per
620 2891 746 2942 diversas
769 2891 898 2942 civitates
918 2893 947 2942 et
966 2889 1085 2943 castella
1108 2891 1238 2951 Francia,
1263 2887 1406 2950 Fiandrie,

207 2969 345 3038 campanie,
359 2973 522 3039 Burgundie
532 2975 561 3025 et
570 2976 729 3024 ceterarum
738 2973 1134 3038 provinciarum,procurante
1146 2973 1268 3037 quodam
1279 2971 1406 3023 Roberto

207 3052 273 3107 hehe
283 3057 489 3122 praedicatore,
502 3056 587 3120 capti,
601 3055 755 3107 examinati
768 3058 796 3106 et
812 3056 927 3120 probati
946 3069 998 3120 per
1010 3055 1247 3120 archiepiscopos,
1260 3055 1408 3119 episcopos

208 3137 228 3184 et
238 3140 408 3190 caeterorum
425 3137 567 3204 graduum
584 3136 842 3188 ecclesiasticorum
860 3137 1013 3202 praelatos,
1027 3139 1062 3189 ad
1079 3137 1210 3189 ultimum
1223 3137 1368 3201 dampnati
1380 3137 1409 3187 et

208 3217 318 3284 tunquam
328 3219 449 3273 heretici
463 3219 640 3272 secularibus
651 3221 839 3284 potestatibus
856 3222 922 3271 sunt
940 3220 1048 3272 traditi.
1062 3219 1182 3279 Quidam
1193 3233 1261 3270 vero
1280 3220 1407 3284 ipsorum

209 3299 376 3369 adigendam
392 3302 578 3367 penitentiam
594 3303 623 3354 in
641 3303 750 3353 carceri
761 3305 827 3353 suut
843 3304 957 3354 retrusi.
971 3300 1029 3355 Alii
1046 3316 1123 3363 vero,
1137 3303 1185 3366 qui
1203 3301 1352 3354 heresibus
1363 3315 1406 3352 re-

208 3385 314 3437 nuntiare
335 3385 496 3447 noluerunt,
525 3386 593 3451 igne
617 3385 776 3449 consumpti
795 3387 869 3449 sunt,
896 3388 925 3440 et
946 3386 1020 3437 bona
1039 3386 1167 3450 ipsorum
1190 3398 1208 3436 a
1230 3383 1406 3436 secularibus

209 3467 373 3527 hohstetihus
398 3470 464 3519 sunt
479 3469 601 3532 recepta.
620 3467 683 3519 Non
695 3466 787 3518 solum
799 3468 873 3518 istud
885 3469 1045 3519 factumest
1057 3469 1086 3518 in
1098 3468 1152 3518 isto
1173 3480 1257 3528 auno,
1274 3466 1324 3518 sed
1341 3469 1407 3519 ante

209 3558 245 3609 per
257 3553 311 3603 tres
328 3551 477 3602 continuos
495 3563 584 3601 annos
601 3552 704 3615 etpost
716 3551 905 3615 perquinque
917 3551 1066 3602 continuos
1083 3563 1171 3601 annos
1188 3551 1217 3600 et
1233 3549 1306 3615 plus.
1326 3550 1407 3601 Dice-

209 3627 271 3684 batur
291 3632 432 3698 siquidem
450 3646 467 3684 a
483 3631 590 3693 multis,
604 3631 678 3695 quod
700 3632 812 3684 infinita
833 3633 983 3684 multitudo
1005 3633 1195 3684 hereticorum
1213 3646 1266 3698 per
1282 3633 1408 3684 diversas

206 3716 280 3775 htrtcs
296 3716 406 3769 Galliae
423 3715 550 3779 disperse
562 3718 652 3766 erant.
712 3722 722 3780 ῑΧ

446 3812 571 3866 Annales
585 3812 612 3865 S.
632 3811 765 3866 Mederdi
780 3814 1000 3877 suessionenses,
1029 3815 1066 3879 bij
1095 3815 1188 3877 Perta,
1212 3813 1407 3875 Monumcma,

478 3895 822 4030 ξέἒιξὶῗνοέἰὲἰεὲὲιὶζὶίνῐ,
830 3896 882 3950 hlz.
893 3898 955 3962 5223
965 3910 1000 3949 en
1010 3897 1047 3961 hij
1058 3896 1213 3963 D'Achery,
1220 3894 1405 3963 Spicmqium,

729 4153 778 4222 aa
811 4144 914 4245 (5⁵).

812 4249 828 4281 Ο

227 4345 419 4418 immo,
444 4343 629 4432 Kamerijk
652 4363 694 4412 en
717 4345 845 4412 andere
866 4345 1036 4430 plocteen.
1064 4346 1244 4414 Uittrelrsel
1263 4348 1311 4414 uit
1327 4365 1408 4413 eene

180 4445 509 4537 vijftieudeeuwsohe
538 4446 670 4535 kronijk
698 4468 760 4514 van
790 4447 998 4515 Vleanderen
1020 4468 1100 4515 over
1125 4448 1165 4515 de
1187 4449 1407 4534 handelingen

176 4573 245 4634 van
280 4549 346 4616 den
369 4550 572 4639 paueelijken
598 4550 792 4635 inquisiteur
815 4550 941 4619 Rohert
962 4555 997 4618 te
1019 4552 1189 4640 Kamarijk
1213 4573 1253 4620 en
1287 4553 1320 4620 in
1352 4552 1410 4619 het
