3188 5340
182 502 217 554 96
619 500 724 555 ΑΝΝΟ
740 499 814 565 1³43,
832 491 974 553 lasalaso

186 669 271 730 statu,
289 668 385 732 inquo
403 667 469 719 ante
486 665 712 732 prohibicionem
724 669 754 720 et
765 666 953 719 abolicionem
965 667 1107 730 predictas
1116 678 1179 717 esse
1190 664 1329 718 haetenus
1338 662 1410 716 sole·

186 750 269 812 batis,
281 750 468 814 omnibusque
487 750 589 802 vestris
598 751 799 815 prerogativis,
808 749 969 815 privilegiis
986 752 1015 800 et
1036 748 1216 800 libertatibus
1233 749 1263 799 in
1280 747 1411 814 personis

184 833 213 883 et
224 832 305 883 bouis
313 833 424 893 vestris,
434 832 509 883 sicut
520 834 729 884 consueveratis
741 835 834 894 autea,
844 832 1006 891 uteremini,
1020 844 1166 895 quousque
1177 831 1213 882 de
1225 832 1302 882 statu
1316 831 1409 882 vestro

183 915 265 967 sedes
284 913 440 980 apostolica
456 915 573 967 duceret
587 915 672 967 aliter
689 916 887 977 ordinandum,
907 917 991 980 prout
1009 914 1039 965 iu
1051 914 1213 979 patentibus
1230 912 1327 965 literis
1345 912 1409 964 inde

183 998 319 1049 contectis
335 998 443 1049 eisdem
459 997 584 1063 Adulphi
596 999 721 1065 episcopi
742 997 838 1063 sigillo
855 999 972 1049 munitis
989 995 1101 1061 plenius
1118 998 1147 1048 et
1166 996 1305 1048 seriosius
1323 995 1410 1047 conti·

182 1083 274 1131 netur.

217 1163 275 1215 Nos
284 1163 375 1228 igitur
385 1162 511 1216 volentes
528 1179 578 1214 vos
595 1166 713 1229 propter
732 1162 889 1216 laudabilia
907 1165 1002 1214 vestra
1022 1175 1111 1228 opera
1128 1162 1289 1213 honestatis
1308 1163 1338 1213 et
1355 1158 1410 1212 alia

183 1244 321 1295 virtutum
332 1246 444 1307 merita,
457 1259 543 1310 super
554 1247 657 1310 quibus
671 1247 753 1297 nobis
766 1246 839 1311 apud
856 1259 906 1296 vos
918 1245 974 1296 fide
986 1245 1074 1311 digna
1084 1245 1248 1296 testimonia
1260 1242 1409 1309 perhiben-

182 1328 239 1389 tur,
251 1328 396 1378 lavoribus
406 1329 551 1393 prosequi,
569 1329 717 1393 oportunis
729 1330 832 1380 vestris
852 1327 1109 1392 supplicationibus
1126 1325 1268 1388 inclinati,
1281 1325 1364 1378 vobis
1382 1325 1411 1376 et

183 1411 305 1474 posteris
329 1411 432 1462 restris
458 1412 628 1463 auctoritate
654 1410 810 1476 apostolica
836 1414 935 1462 tenore
962 1410 1140 1476 presencium
1158 1408 1351 1475 indulgemus,
1370 1410 1410 1471 ut,

183 1506 330 1557 quousque
342 1492 376 1545 de
389 1495 464 1545 statu
476 1495 570 1545 vestro
588 1507 640 1558 per
656 1494 753 1545 sedem
770 1494 890 1546 eandem
907 1492 1002 1555 aliter,
1023 1495 1056 1544 ut
1074 1494 1230 1557 pretertur,
1249 1491 1411 1542 ordinatum

183 1575 321 1637 extiterit,
339 1575 425 1627 liceat
443 1576 523 1626 vobis
535 1577 564 1626 in
576 1576 697 1628 ecclesia
714 1578 817 1638 vestra,
840 1575 970 1642 generali
982 1575 1143 1635 interdicto,
1156 1574 1329 1626 auctoritate
1338 1573 1410 1624 dicte

183 1658 258 1709 sedis
267 1656 313 1709 vel
323 1657 484 1724 legatorum
493 1659 555 1723 ejus
564 1658 622 1709 lato
632 1658 676 1709 vel
686 1659 804 1711 ferendo
814 1660 843 1709 in
855 1659 925 1723 ipsis
934 1659 1071 1723 partibus,
1082 1670 1261 1721 nequaquam
1270 1657 1411 1720 obstante,

182 1754 235 1805 per
257 1740 436 1806 capellanum
455 1742 581 1792 vestrum
599 1741 644 1793 vel
665 1741 752 1793 alium
772 1742 916 1802 idoneum,
934 1741 1185 1792 excommunicatis
1201 1741 1232 1791 et
1251 1738 1412 1791 interdictis

183 1822 316 1885 exclusis,
336 1837 406 1875 voce
429 1825 569 1874 submissa
586 1824 615 1874 et
634 1837 690 1875 non
714 1822 833 1889 pulsatis
850 1823 1002 1888 campanis,
1021 1822 1116 1886 januis
1137 1820 1253 1885 clausis,
1270 1821 1304 1872 in
1319 1821 1413 1873 vestra

183 1906 332 1970 presencia
341 1907 436 1957 omnia
446 1908 551 1968 lacere,
564 1905 721 1968 celebrare,
734 1908 881 1970 vobisque,
889 1919 954 1957 cnm
963 1904 1139 1971 opustuerit,
1148 1903 1310 1955 ministrari
1318 1903 1412 1954 tacere

183 1988 376 2040 ecclesiastica
394 1993 571 2042 sacramenta
586 1993 614 2055 et
626 2004 748 2056 corpora
768 1989 885 2042 illarum
898 2003 933 2041 ex
944 1988 1025 2039 vobis
1042 1989 1072 2040 et
1088 1988 1190 2039 vestris
1205 1987 1343 2052 posteris,
1359 1998 1413 2053 que

184 2070 335 2123 interdicto
355 2071 475 2123 durante
495 2072 641 2135 decedent,
664 2074 738 2125 tradi
763 2072 955 2125 ecclesiastice
971 2069 1125 2136 sepulture,
1145 2069 1300 2122 dummodo
1317 2084 1368 2121 soa
1385 2071 1414 2122 et

184 2154 258 2204 dicte
270 2155 383 2219 postere
395 2168 509 2206 causam
527 2169 583 2205 non
600 2155 737 2206 dederitis
750 2154 909 2216 interdicto,
922 2169 975 2207 nec
986 2156 1018 2205 ut
1029 2154 1109 2204 vobis
1120 2153 1269 2219 contingat
1281 2152 1414 2219 speciali·

184 2237 229 2287 ter
251 2237 391 2288 interdici.
411 2238 468 2289 Per
488 2237 542 2288 hec
569 2240 664 2290 autem
684 2240 789 2289 statum
806 2240 932 2290 vestrum
949 2237 1020 2289 alias
1041 2237 1200 2302 approbare
1230 2248 1412 2301 nequaquam

184 2318 365 2381 intendimus,
385 2333 437 2370 nec
454 2321 541 2370 etiam
558 2321 722 2385 reprobare.

217 2401 293 2452 Nulli
318 2415 387 2468 ergo
408 2403 523 2453 omnino
541 2402 688 2453 hominum
706 2402 792 2454 liceat
809 2401 881 2453 hanc
898 2403 1033 2468 paginam
1052 2403 1148 2453 nostre
1167 2400 1413 2454 concessionis.et

184 2483 338 2535 voluntatis
353 2485 513 2550 intringere
533 2484 576 2536 vel
597 2486 624 2536 ei
648 2499 718 2537 ausu
742 2484 895 2536 temerario
913 2485 1074 2547 contraire3
1104 2484 1128 2534 si
1152 2484 1216 2548 quis
1239 2486 1337 2535 autem
1359 2483 1413 2535 hoc

185 2568 354 2631 attemptare
372 2568 587 2632 presumpserit,
599 2568 825 2634 indignationem
837 2567 1039 2632 omnipotentis
1053 2565 1102 2618 Dei
1120 2568 1150 2618 et
1160 2567 1312 2618 beatorum
1333 2567 1412 2619 Petri

184 2651 215 2700 et
225 2647 309 2700 Pauli
322 2650 515 2715 apostolorum
529 2651 590 2715 ejus
604 2664 634 2702 se
647 2651 759 2702 noverit
770 2651 960 2702 incursurum.

219 2731 323 2783 Datum
336 2733 484 2795 avinione,
497 2734 534 2797 xij
554 2733 611 2784 kal.
631 2734 789 2797 Februarij,
802 2733 983 2798 pontificatus
992 2733 1081 2782 nostri
1091 2746 1165 2783 anno
1176 2731 1311 2783 secundo.

447 2847 565 2899 Archiel
589 2861 643 2899 van
672 2847 721 2898 het
746 2847 899 2913 Begijnhot
924 2849 952 2898 te
978 2847 1174 2911 St·‘lruiden;
1193 2844 1352 2913 aigedrulrt
1374 2844 1411 2910 blj

480 2929 512 2981 ll.
538 2930 666 2991 Straven,
684 2927 780 2981 Notice
800 2926 950 2996 tabemque
968 2942 1020 2980 sur
1036 2926 1061 2980 le
1077 2927 1241 2995 Bepuinaye
1262 2924 1305 2978 dit
1321 2925 1357 2979 dc
1374 2926 1414 2978 θ’

480 3012 574 3078 denes
584 3015 603 3062 d
614 3008 815 3074 Same-laone,
826 3009 879 3062 bla.
893 3011 950 3065 116.

713 3211 761 3279 e1
785 3207 888 3295 (194)

235 3402 419 3478 13491350,
451 3399 606 3468 Doornik
628 3418 671 3466 en
701 3401 743 3467 dc
770 3399 1022 3466 Nederlanden.
1053 3397 1253 3464 Uittrelrsels
1283 3396 1334 3464 uit
1371 3394 1410 3462 de

188 3504 322 3594 kronijk
334 3527 398 3573 vau
416 3505 478 3570 den
495 3504 677 3592 tijdgenoot
699 3503 793 3570 Gillis
817 3503 861 3569 Le
885 3502 997 3569 Muisit
1013 3500 1049 3566 cf
1061 3501 1097 3566 Li
1120 3500 1236 3569 Mnisis
1251 3499 1291 3587 (†
1312 3498 1410 3587 1352)

187 3629 267 3676 over
282 3609 322 3675 de
337 3608 557 3693 handelingen
574 3606 632 3673 der
648 3604 913 3675 Nederlandsche
929 3605 1134 3681 Geeselaars,
1151 3603 1265 3670 vooral
1289 3603 1410 3691 tijdens

187 3713 300 3779 hunno
316 3712 534 3778 bedevaarten
564 3731 645 3776 naar
671 3711 711 3777 de
727 3710 765 3777 Ο.
791 3710 827 3777 1,.
851 3706 1080 3775 Vrouwekerk
1105 3726 1168 3774 van
1194 3704 1411 3775 1100111111.-

187 3817 254 3883 llet
285 3813 426 3901 gerucht
456 3811 561 3900 begon
593 3819 627 3879 te
658 3811 799 3879 Docrnik
831 3816 864 3878 te
887 3811 1016 3896 loopeu,
1057 3809 1114 3876 dat
1145 3810 1179 3875 iu
1217 3807 1410 3897 Hongarije,

187 3916 413 3996 Duitschland,
448 3916 604 3996 Brabant,
630 3937 719 3996 enz.,
736 3915 806 3981 aich
827 3919 943 4001 groote
973 3910 1100 3979 benden
1127 3933 1193 3979 van
1217 3910 1413 3980 Geeselaare

187 4021 356 4100 vormdeu,
366 4020 418 4087 die
429 4020 463 4086 in
477 4022 499 4087 ’t
511 4018 676 4106 openbaar
687 4018 799 4085 hunne
811 4016 1042 4085 boetewerken
1056 4014 1272 4083 verrichtten.
1282 4016 1414 4083 Daarna

186 4124 338 4191 kwamen
356 4125 395 4211 zij
410 4125 441 4190 in
460 4123 682 4191 Vlaanderen.
703 4122 752 4188 Na
776 4121 836 4187 den
861 4124 978 4188 vasten
995 4140 1059 4187 van
1079 4118 1164 4186 1349
1183 4138 1254 4185 was
1270 4138 1308 4184 er
1324 4119 1359 4185 in
1375 4117 1417 4185 de

188 4227 324 4315 geheele
341 4225 563 4293 christenheid
580 4246 662 4291 eene
678 4227 866 4312 algemeene
890 4222 1053 4290 overdaad
1070 4223 1104 4289 in
1120 4220 1246 4288 wealde
1262 4240 1303 4287 en
1320 4221 1416 4307 prael

188 4353 229 4398 en
246 4331 281 4396 in
293 4328 530 4397 onkuischheid
549 4328 652 4394 under
670 4349 811 4395 mannen
828 4349 869 4395 en
892 4347 1063 4406 vrouwen,
1083 4325 1200 4393 leeken
1217 4345 1259 4392 en
1283 4331 1418 4413 goeste-

187 4433 303 4523 lijken,
331 4431 480 4500 oudanks
505 4432 545 4499 de
574 4431 864 4499 waarschuwende
888 4450 1080 4497 sermoenen
1105 4429 1165 4496 der
1187 4428 1351 4516 priesters
1374 4451 1418 4498 eu

188 4536 378 4605 monnikeu.
405 4538 533 4622 Daarop
554 4535 693 4622 volgden
716 4535 757 4602 de
775 4536 968 4622 vervolging
989 4533 1048 4599 der
1063 4534 1179 4615 Joden,
1199 4532 1238 4599 de
1261 4531 1421 4620 opkomst
