3188 5340
195 111 230 164 32
680 116 784 171 ANNO
803 117 942 170 maim

229 280 296 341 Quis
308 293 378 348 ergo
404 294 504 334 sanum
525 281 638 348 sapiens
660 296 759 336 eorum
775 285 873 337 credat
894 286 1193 349 assertionibus,.cum
1214 302 1267 342 nec
1289 289 1345 355 ipsi
1367 289 1422 341 sibi

194 364 311 416 credere
328 364 589 416 communicanturt
608 363 673 416 Non
688 366 794 430 poterit
816 368 903 430 certe,
927 382 983 419 non
1006 369 1112 434 poterit
1128 372 1319 424 accusationis
1336 371 1422 437 nujus

196 445 300 499 nebula
316 447 476 516 sapientum
492 444 590 498 oculos
600 447 630 498 in
653 448 746 513 capite
768 463 820 500 suo
840 450 1008 501 constitutos
1019 450 1166 514 hebetare,
1180 465 1234 517 que
1253 465 1289 505 ne
1309 452 1421 505 rudium

195 532 310 595 quidem
332 530 518 594 intellectum,
539 530 679 596 nequalia
693 532 740 594 sit,
753 534 783 584 et
794 533 869 585 unde
890 536 1071 600 processerit,
1084 534 1170 589 facile
1181 534 1420 601 deprehendatur,

194 613 271 665 valet
280 613 417 678 effugere.

226 697 256 748 si
273 697 369 761 itaque
392 696 473 748 sedes
489 696 570 747 Petri
587 697 740 760 petrinum,
759 711 816 748 non
834 696 1043 750 harundineum
1060 702 1170 766 accepit
1185 699 1361 765 pontificem,
1373 699 1420 750 aut

194 778 328 831 adversus
340 778 577 844 subrepticiarum
586 777 722 842 bajulum,
731 782 780 830 aut
792 778 926 830 adversus
937 793 1037 831 earum
1048 783 1145 833 tamen
1154 782 1326 834 inconcinna
1335 781 1420 833 conti·

193 861 320 913 nentium
332 860 545 912 transmissuros
554 859 720 924 jamdudum
731 852 869 913 canonice¹
877 864 1012 927 preparat
1023 875 1142 916 censure
1152 862 1418 930 promulgationem.

225 943 331 994 Verum
349 940 410 993 nelo
431 942 546 1005 iusticie
566 942 608 992 ita
637 941 762 994 locutum
790 957 846 995 non
871 943 1029 996 arbitretur
1053 958 1100 998 me
1128 945 1309 1011 paternitatis
1328 947 1420 999 vestre

192 1025 352 1088 clementia,
367 1037 417 1076 seu
435 1024 584 1088 quisquam
603 1023 676 1076 alius
697 1023 898 1077 malevolentia
915 1026 1012 1091 potius
1030 1026 1089 1080 tela
1104 1028 1241 1080 vibratae.
1254 1027 1320 1081 Scio
1334 1028 1418 1087 enim,

193 1104 268 1170 quod
279 1116 434 1169 paucorum
444 1102 553 1154 invidia
563 1104 738 1157 multitudini
750 1120 859 1168 eorum,
877 1121 933 1159 non
946 1109 1041 1161 1111011
1058 1109 1236 1161 universitati
1249 1109 1418 1175 subripiens,

193 1203 242 1242 eos
253 1189 289 1241 ad
299 1189 395 1240 odium
406 1189 436 1239 et
445 1189 672 1253 persecutionem
683 1191 845 1243 innocentie
864 1204 928 1244 mee
945 1191 1038 1258 magis
1056 1205 1141 1256 quam
1154 1192 1282 1259 cognitio
1292 1193 1420 1245 vsi-itam

192 1275 308 1340 ignaros
320 1269 498 1337 compulerit.
519 1290 531 1313 s
540 1269 688 1338 Principes
704 1274 892 1336 sacerdotum,
906 1297 919 1320 1
937 1276 977 1327 ait
990 1274 1184 1341 Evangelista,
1198 1277 1420 1340 -psrsusserunt

190 1356 283 1418 turbe,
296 1358 328 1406 ut
343 1355 435 1420 magis
458 1354 615 1407 Barrabam
636 1360 775 1422 peterent.
796 1381 808 1404 n
833 1358 904 1410 Ecce
921 1359 997 1423 quod
1015 1358 1143 1424 paucitas
1159 1359 1321 1424 principum
1336 1360 1418 1411 turbe

189 1438 401 1490 multitudinem
413 1449 497 1489 cause
509 1437 639 1502 ignaram
651 1439 686 1490 ad
698 1440 790 1492 scelus
807 1441 956 1493 Dominice
974 1440 1169 1494 crucifixionis
1189 1441 1345 1494 obtinendo
1365 1442 1419 1493 sibi

190 1521 456 1572 confirmentaverit.
468 1521 561 1573 'l‘cstis
573 1524 668 1574 autem
680 1521 751 1574 mihi
762 1525 806 1575 est
817 1522 900 1585 Deus,
914 1524 990 1589 quod
1001 1523 1141 1589 quicquid
1149 1536 1205 1589 ego
1215 1523 1288 1574 mibi
1299 1523 1367 1575 boni
1375 1523 1419 1576 vel

190 1606 273 1670 cupio
293 1603 338 1656 vel
360 1604 461 1665 habeo,
486 1618 543 1656 non
566 1605 648 1656 modo
667 1606 770 1657 ceteris
787 1607 916 1657 omuibus
933 1607 1108 1666 homiuibus,
1122 1606 1171 1658 sed
1183 1608 1212 1658 et
1223 1605 1294 1671 ipsis
1305 1605 1420 1671 quitor

190 1688 273 1739 tassia
285 1700 341 1738 non
352 1686 480 1750 credunt,
490 1688 584 1752 cupio,
594 1690 712 1753 excepto
722 1688 818 1740 exilio.
839 1688 910 1748 Quid
920 1690 999 1741 enim
1009 1689 1125 1751 faciam,
1139 1702 1203 1740 cum
1215 1687 1375 1740 surrexerit
1385 1687 1419 1740 ad

188 1768 371 1835 judicandum
383 1767 476 1820 Densi
485 1768 629 1833 Numquid
639 1783 704 1835 ego,
720 1784 807 1835 vapor
819 1771 855 1821 ad
868 1771 1009 1821 modicum
1020 1784 1119 1836 parem
1130 1769 1294 1823 vermiculis
1304 1771 1418 1836 reptans

189 1866 276 1918 super
286 1853 388 1903 taciem
400 1853 486 1912 terre,
500 1852 612 1903 centum
625 1853 757 1903 denarios
770 1866 862 1904 ameo
875 1867 1011 1909 conservo
1023 1855 1072 1904 aut
1083 1866 1158 1904 nunc
1169 1854 1219 1905 aut
1230 1855 1297 1904 tunc
1309 1853 1418 1906 audebo

188 1935 328 1999 repetere,
342 1933 391 1998 qui
410 1946 497 1984 unum
514 1933 549 1985 de
567 1936 681 1986 centum
698 1933 825 1985 millibus
849 1934 1022 1987 talentorum
1039 1948 1057 1986 a
1073 1948 1138 1987 mea
1153 1935 1251 2000 inopia
1266 1935 1344 1999 juste
1360 1936 1417 1988 exi·

187 2015 345 2082 gendorum
362 2028 414 2066 nec
426 2015 535 2066 sufficio
545 2029 597 2067 nco
614 2029 738 2080 unquam
756 2017 895 2069 sufficiam
911 2017 1051 2070 redderet
1064 2017 1135 2068 'l'am
1147 2017 1270 2068 districti
1279 2018 1417 2070 examinis

186 2098 296 2150 terrore
305 2096 461 2163 perculsus,
472 2111 528 2148 non
544 2097 636 2148 solnm
648 2098 784 2162 quicquid
796 2099 831 2150 ab
843 2100 886 2150 eis
904 2098 948 2151 vel
971 2099 1006 2150 ab
1024 2098 1090 2151 aliis
1109 2097 1283 2164 quibuslibet
1298 2113 1417 2164 usquam

186 2182 217 2233 et
227 2193 351 2244 unquam
362 2181 393 2230 in
404 2192 450 2231 me
462 2183 608 2244 peccatum
621 2182 672 2240 est.
684 2181 734 2232 sed
751 2183 780 2232 et
791 2181 926 2246 quicquid
938 2182 967 2232 in
979 2183 1107 2233 futurum
1128 2183 1240 2247 peccari
1252 2182 1416 2248 contigerit.

187 2265 323 2328 quantum
339 2263 369 2312 in
381 2263 491 2323 maest,
504 2265 532 2314 et
543 2263 638 2313 dimisi
652 2263 767 2328 quidem
780 2265 810 2314 et
828 2264 949 2315 dimitto.
968 2264 1025 2316 Sed
1036 2263 1176 2316 catholice
1192 2265 1293 2329 pietati
1304 2277 1417 2330 semper

187 2346 399 2407 consonantem,
412 2345 508 2396 nonin
526 2358 657 2397 sermone
675 2345 846 2397 adulationis
864 2359 955 2409 neque
973 2347 1004 2398 in
1021 2347 1200 2398 occasionem
1211 2347 1416 2409 avaricie‚ver·

187 2429 254 2479 bum
274 2427 327 2479 Dei
345 2427 375 2477 in
399 2426 503 2493 populo
521 2428 610 2493 ipsius
633 2442 689 2479 non
712 2428 890 2480 innuctucse
913 2442 958 2482 me
981 2430 1138 2480 seminasse
1156 2431 1186 2480 et
1207 2428 1367 2493 pronuncio
1388 2430 1417 2481 et

187 2510 316 2563 (letando.

448 2624 504 2678 HS.
516 2625 549 2685 Q.
561 2627 586 2677 9.
601 2625 648 2677 182
659 2625 763 2691 (nieuw
775 2635 805 2677 nr
813 2625 847 2678 V.
857 2626 884 2678 6.
897 2628 922 2692 4)
943 2640 996 2679 van
1008 2626 1058 2679 bet
1066 2627 1195 2678 Murcum
1204 2622 1414 2678 Himterianum

481 2710 511 2759 te
522 2707 653 2774 Glasgow
663 2708 716 2770 (111ο
725 2711 824 2774 ceum),
832 2709 884 2761 101.
893 2708 971 2762 22-24
978 2710 1154 2761 verso-Dit
1166 2706 1329 2775 belangrljls
1337 2708 1412 2770 stuli,

480 2791 528 2841 dat
545 2791 605 2843 niet
622 2791 659 2856 bij
679 2791 780 2857 Ulysse
804 2792 915 2844 Robert
939 2793 963 2843 is
980 2792 1143 2858 aigedrukt,
1165 2791 1241 2843 (11111
1258 2790 1291 2842 ik
1308 2802 1364 2842 aan
1379 2790 1413 2842 de

401 2884 405 2892 ·
481 2871 925 2940 bereidwilligetusschenkomst
939 2887 992 2926 van
1000 2875 1078 2926 Prot.
1096 2874 1146 2926 Dr.
1159 2873 1273 2940 Young,
1286 2874 1414 2926 bestunr

480 2956 531 3008 der
548 2968 602 3007 van
620 2955 670 3008 het
685 2956 814 3007 Museum
832 2956 1050 3010 Hunterianum.
1071 2984 1104 2994 -
1126 2957 1174 3009 Zie
1191 2957 1279 3022 mijne
1295 2955 1413 3008 verban-

478 3039 577 3104 deling
587 3037 659 3091 Note
675 3037 918 3105 complementum
929 3053 980 3090 sur
996 3037 1035 3091 les
1049 3037 1212 3091 documenta
1228 3036 1264 3090 de
1282 3036 1412 3104 01119010

480 3127 649 3172 contemnant
662 3120 796 3173 Lambert
808 3119 833 3173 le
844 3120 948 3188 Reque,
962 3123 991 3174 in
1004 3123 1038 3173 de
1055 3119 1196 3173 Budaeus
1214 3118 1250 3173 de
1271 3118 1339 3174 l'Ac.
1349 3133 1410 3186 roy.

478 3201 514 3255 dc
534 3202 673 3271 80101000,
692 3204 733 3254 3‘1·
744 3204 838 3266 rocks,
851 3204 913 3257 dccl
925 3204 1022 3257 XXIX
1034 3204 1128 3270 (1895).

707 3443 755 3509 14
779 3432 885 3529 (46⁷).

235 3646 323 3713 Vter
346 3664 388 3714 en
416 3651 463 3714 101
492 3648 582 3724 1177,
611 3645 712 3713 Lus'ls.
733 3644 913 3712 Uittreksel
936 3646 987 3712 uit
1015 3644 1055 3712 de
1082 3643 1411 3715 dertisndeeuwscbe

183 3748 317 3836 kronijk
333 3769 396 3816 ven
413 3748 514 3816 Gilles
530 3748 658 3814 d’Orvul
675 3747 842 3834 (AEgidius
858 3750 986 3815 Aureae
1002 3749 1192 3831 vallensis),
1209 3748 1411 3818 bevattende

184 3853 376 3919 uittreksels
393 3853 443 3918 uit
458 3854 497 3918 dc
520 3851 833 3919 twaalsdeeuwsche
855 3853 932 3920 Vita
958 3851 1102 3932 Odilt‘ae,
1123 3873 1201 3919 over
1224 3854 1284 3922 deu
1309 3853 1411 3922 tuii-

184 3956 285 4022 sehen
302 3953 446 4042 priester
462 3951 614 4019 lambert
630 3955 661 4020 le
676 3952 787 4040 Bdgue
799 3958 834 4022 et
844 3955 930 4042 zijne
946 3955 1141 4042 vervolging
1155 3956 1205 4023 als
1220 3954 1344 4024 ketter.
1366 3996 1412 4010 -

182 4056 375 4143 Radulphus
390 4077 455 4124 vau
472 4055 671 4140 Zihringem
696 4058 735 4123 de
758 4058 956 4145 toenmalige
979 4057 1130 4144 biaschop
1155 4080 1219 4127 van
1242 4059 1339 4142 Luils,
1367 4081 1412 4129 en

184 4160 268 4246 11110
280 4159 530 4248 goestelijlsheid
546 4178 661 4227 waren
676 4161 884 4249 geldnuchtig
899 4182 941 4230 en
956 4160 1142 4248 losbandig.
1168 4164 1278 4250 Tagen
1294 4163 1412 4233 bunne
