3188 5340
548 519 651 574 ANNO
671 520 810 572 1175-1177
1258 523 1289 575 31

80 685 250 739 Deidandum
262 688 340 753 genti
353 687 470 739 facienti
479 687 589 738 tructus
601 687 673 750 eius,
688 699 780 751 neque
792 688 893 738 notans
910 687 985 751 quod
998 700 1082 751 quem
1094 686 1226 752 portabat
1239 703 1290 742 nec

75 770 252 821 manducabat
262 783 342 835 puer,
363 783 467 835 panem
479 768 629 834 discipulis
650 771 709 821 suis
722 770 849 832 tradidit,
869 773 900 820 ut
916 769 997 821 illum
1009 771 1092 822 turbe
1104 776 1288 837 apponerent.

72 852 115 903 1111
122 856 255 917 preterea
266 854 341 918 apud
350 867 399 906 eos
411 853 486 906 liber
496 853 672 918 psalmorum
684 868 749 905 cum
759 855 889 906 omnibus
902 852 1020 920 glosulis
1029 854 1088 905 suis
1100 858 1129 905 et
1138 856 1290 907 auctorita·

71 932 137 984 tibus
148 946 199 985 eas
221 934 421 987 roborantibus
438 935 468 986 in
484 935 633 1001 vulgarem
650 935 779 1002 linguam
791 950 808 988 a
821 935 943 1001 quodam
964 935 1102 1001 magistro
1120 935 1288 988 Flandrensi

69 1014 226 1070 translatus.
241 1016 334 1076 Quare
354 1017 390 1068 de
407 1031 441 1069 eo
459 1032 516 1070 non
538 1020 683 1083 queriturt
705 1018 799 1078 Quare
819 1019 904 1071 homo
924 1032 979 1070 non
997 1019 1122 1071 incusatt
1134 1018 1291 1084 Propterea

67 1099 182 1152 forsitan
194 1101 264 1164 quia
280 1113 363 1152 nemo
375 1101 516 1166 propheta
527 1105 659 1166 acceptus
672 1104 715 1153 est
727 1103 757 1152 in
777 1095 872 1166 patria
883 1114 943 1152 sua.
963 1100 1016 1151 llle
1028 1114 1095 1152 vero
1107 1101 1245 1167 magister
1255 1101 1290 1152 de

66 1180 155 1246 patria
165 1183 230 1246 cius
243 1196 299 1234 non
311 1183 376 1234 luit.

94 1261 179 1314 Tales
196 1277 256 1326 eos,
277 1279 348 1329 quos
366 1266 420 1331 ipsi
442 1265 477 1316 ad
501 1264 651 1316 ecclesiam
668 1264 753 1317 modo
772 1279 827 1316 non
847 1266 998 1317 convenire
1027 1266 1166 1327 asserunt,
1187 1265 1290 1330 reliqui

65 1343 159 1409 quales
171 1347 376 1411 pronunciavi;
394 1346 492 1412 quales
504 1347 600 1398 autem
618 1347 702 1397 modo
715 1348 782 1410 sint,
796 1348 869 1399 sicut
879 1348 938 1411 jam
950 1347 1018 1409 dixi,
1032 1349 1127 1399 nescio
1138 1364 1146 1411 ;
1165 1348 1214 1399 sed
1235 1348 1289 1399 hoc

64 1431 171 1479 tantum
183 1429 220 1480 ab
232 1429 449 1481 adventantibus
458 1429 552 1492 audio,
563 1430 630 1494 quia
642 1431 716 1495 quod
728 1431 757 1481 in
770 1430 900 1496 reprobis
910 1429 1067 1481 lheremias
1077 1431 1239 1495 exprobrat,
1249 1431 1291 1483 eis

63 1524 115 1562 uon
127 1524 229 1577 agere.
241 1512 290 1564 sed
303 1512 372 1564 heu!
388 1511 511 1563 tolerare
523 1513 682 1579 contingat.
698 1534 710 1556 u
725 1513 854 1577 Desuper
866 1513 1000 1574 tunicam,
1014 1535 1027 1556 ι
1046 1513 1147 1577 inquit,
1167 1533 1179 1556 1
1188 1514 1217 1564 et
1233 1512 1290 1578 pal·

63 1592 129 1643 lium
138 1592 249 1645 tulistis
260 1597 290 1645 et
301 1608 360 1657 eos,
371 1595 420 1659 qui
429 1594 588 1647 transibant
596 1594 774 1660 simpliciter,
786 1595 967 1646 convertistis
977 1596 1006 1646 in
1017 1594 1132 1647 bellum.
1141 1617 1155 1640 1
1168 1594 1289 1654 Quidam

63 1676 136 1727 enim
144 1689 258 1739 eornm,
268 1677 341 1728 sicut
350 1679 379 1728 et
390 1689 443 1741 per
451 1678 581 1729 nuntium
590 1691 672 1728 suum
686 1678 766 1729 nobis
786 1678 933 1742 conquesti
947 1679 1023 1741 sunt,
1036 1677 1071 1729 ad
1083 1677 1241 1742 periurium
1253 1677 1287 1728 ab

63 1760 101 1810 cis
118 1760 188 1811 111111
209 1759 327 1820 irretiti,
340 1759 454 1823 quidam
472 1760 651 1821 incarcerati,
671 1760 785 1824 quidam
797 1759 937 1812 violenter
954 1761 1057 1826 fugati,
1070 1760 1176 1812 residui
1192 1773 1289 1812 omnes

62 1844 158 1906 preter
168 1841 354 1907 potentiores·
367 1842 396 1892 et
417 1841 543 1893 occultos
555 1842 802 1907 persecutionibus
819 1845 848 1894 et
868 1842 1048 1894 contumeliis
1067 1843 1199 1909 expositi,
1216 1843 1289 1894 utin

61 1937 122 1976 mea
134 1937 251 1990 quoque
263 1925 344 1990 parte
355 1924 486 1976 videatur
494 1924 689 1990 adimpletum,
700 1925 774 1989 quod
786 1925 822 1976 de
832 1939 941 1977 summo
953 1927 1046 1991 capite
1054 1925 1162 1992 legitur
1170 1926 1290 1992 prophe·

60 2011 152 2059 tarum
165 2021 173 2058 :
193 2027 206 2050 ι
223 2007 387 2059 Percutiam
409 2009 562 2072 pastorem,
584 2011 612 2059 et
625 2007 825 2074 dispergentur
837 2022 903 2059 oves
922 2009 1028 2074 gregis.
1043 2007 1096 2067 Qui
1109 2008 1193 2060 habet
1205 2021 1289 2060 aures

61 2090 205 2149 audiendi,
217 2090 325 2142 audiat.
339 2112 351 2134 n

89 2173 242 2238 Adjiciunt
253 2173 339 2224 etiam
353 2185 398 2223 me
410 2173 612 2237 pronunciasse
625 2173 744 2224 minoris
756 2186 818 2225 esse
827 2175 923 2225 reatus
933 2188 1036 2239 corpus
1046 2172 1160 2224 Domini
1169 2173 1287 2238 pedibus

59 2255 239 2318 conculcare,
263 2267 348 2320 quam
365 2255 482 2306 verbum
493 2254 546 2306 Dei
565 2255 747 2322 negligenter
759 2257 866 2309 audire.
890 2256 953 2307 Non
971 2257 1012 2307 sic
1029 2256 1143 2316 veritas,
1162 2270 1218 2306 non
1236 2256 1285 2306 sic.

59 2336 112 2388 Sed
124 2337 244 2389 beatum
260 2336 450 2402 augustinum
467 2335 573 2387 dixisse
591 2349 713 2399 asseror,
739 2338 813 2401 quod
831 2350 903 2401 eque
920 2351 986 2389 reus
1003 2340 1087 2399 esset,
1109 2340 1138 2389 et
1155 2339 1203 2401 qui
1225 2352 1285 2389 cor·

57 2433 108 2484 pus
121 2419 240 2472 Domini
252 2432 304 2469 sua
312 2417 487 2485 negligentia
498 2419 528 2469 in
545 2420 651 2470 terram
661 2419 718 2471 labi
729 2421 917 2485 permitteret,
936 2421 1025 2485 etqui
1038 2421 1155 2472 verbum
1176 2421 1228 2472 Dei
1239 2433 1287 2472 ne·

56 2498 335 2566 gligenteraudirct.
349 2499 378 2550 Si
391 2512 461 2565 ergo
485 2499 557 2551 bene
575 2499 648 2551 dixit
664 2501 849 2567 Augustinus,
871 2502 1042 2567 recipiatur3
1067 2501 1192 2565 simale,
1214 2504 1284 2568 ipse,

57 2596 113 2634 non
131 2596 187 2649 ego
197 2583 430 2646 condempnetur.

88 2661 182 2714 Multa
201 2662 317 2726 quidem
337 2666 366 2715 et
383 2663 441 2715 alia
460 2665 669 2727 objectionibus
695 2679 794 2717 eorum
814 2667 939 2730 presenti
962 2668 1145 2731 responsione
1169 2680 1235 2719 vere
1258 2668 1287 2718 et

55 2744 216 2795 rationibus
227 2745 380 2796 confutatis
391 2746 524 2797 videntur
540 2747 658 2809 inserta,
668 2747 816 2799 adversum
829 2761 893 2812 que,
907 2749 974 2811 quia
985 2749 1089 2813 partim
1102 2750 1131 2799 iu
1144 2750 1284 2813 querimo-

56 2829 103 2879 nie
116 2841 181 2881 mee
194 2828 320 2890 scedula,
333 2831 479 2895 partimin
491 2829 600 2893 libello,
613 2832 662 2895 qui
673 2829 882 2898 aurigraphum
894 2830 974 2883 Petri
983 2832 1097 2893 dicitur,
1115 2833 1164 2896 qui
1176 2835 1205 2884 et
1215 2834 1285 2896 jam·

54 2908 164 2961 dudum
176 2911 257 2962 vobis
270 2910 381 2963 oblatus
393 2914 436 2963 est
447 2912 661 2975 examinandus,
674 2913 851 2964 sufficienter
859 2912 1032 2978 disputatum
1044 2915 1095 2964 est.
1110 2913 1166 2964 Uni
1176 2915 1285 2964 tantum

54 2993 131 3056 quod
150 2992 244 3044 adhuc
260 2993 374 3045 videtur
391 2995 538 3055 intactum,
554 2996 774 3061 expugnationis
792 2996 912 3047 arietem
925 2995 1071 3057 admoveo,
1092 2997 1121 3047 et
1140 2997 1202 3059 ejus
1220 3009 1284 3061 ope,

54 3076 138 3140 cujus
150 3075 297 3127 infirmum
313 3076 416 3127 lortius
429 3080 472 3127 est
483 3076 656 3140 hominibus,
669 3078 741 3129 inse
756 3078 817 3142 ipso
829 3076 960 3128 collisum
973 3092 1028 3129 non
1039 3079 1098 3128 tam
1106 3077 1188 3128 diruo
1201 3092 1284 3141 quam

54 3158 185 3208 dirutum
202 3158 329 3209 ostendo.
343 3157 394 3209 1111
411 3163 506 3210 autem
525 3158 590 3221 hoc,
608 3162 640 3210 ut
662 3161 842 3222 sententiam,
861 3160 886 3210 si
904 3174 960 3211 non
979 3161 1066 3212 verba
1078 3162 1283 3225 representem,

54 3238 132 3303 quod
144 3238 300 3292 celebratio
321 3241 481 3303 missarum,
499 3254 550 3305 que
562 3242 635 3294 teria
651 3243 776 3294 secunda
788 3255 840 3308 per
857 3242 986 3308 singulas
999 3243 1168 3295 ebdomadas
1185 3241 1243 3293 illis
1254 3244 1284 3294 in

56 3322 189 3386 partibus
205 3335 258 3386 pro
270 3321 469 3374 defunctorum
487 3323 587 3388 requie
605 3324 669 3375 fleri
690 3327 882 3385 consueverat,
900 3325 1095 3388 predicatione
1113 3339 1176 3377 mea
1189 3338 1284 3391 repre·

52 3403 192 3457 henaibili
203 3406 261 3468 jam
273 3419 345 3471 pene
354 3405 500 3458 deiecerit.
507 3407 709 3473 Respondeant
720 3409 809 3473 igitur
818 3407 887 3459 mihi
898 3409 982 3459 amici
992 3409 1049 3459 mei
1059 3412 1087 3460 et
1096 3410 1218 3474 proximi
1228 3423 1285 3474 mei

52 3488 206 3539 adversum
216 3501 261 3539 me
271 3490 539 3554 appropinquantes,
551 3492 673 3553 etquam
682 3490 824 3542 volueriut
836 3493 947 3555 partem
959 3492 1031 3555 eius,
1050 3491 1124 3555 quod
1146 3492 1200 3542 sibi
1221 3505 1284 3557 pro·

50 3570 179 3634 ponitur,
193 3568 310 3635 eligant.
325 3571 427 3623 Sanam
438 3572 565 3635 iudicant
576 3573 734 3623 doctrinam
747 3586 840 3623 meam
856 3573 885 3623 in
895 3572 948 3625 hac
960 3576 1041 3638 parte
1051 3586 1087 3625 11
1098 3588 1154 3625 111
1167 3578 1283 3626 sauamt

51 3650 81 3701 Si
98 3663 209 3712 mam,
228 3665 315 3715 quare
332 3652 565 3718 reprehendunt?
583 3654 612 3705 Si
631 3668 687 3705 non
705 3668 812 3714 sanam,
833 3667 920 3717 quare
939 3656 1121 3708 custodiuntt
1140 3656 1284 3720 Numquid

52 3731 176 3796 quilibet
194 3732 229 3784 de
248 3733 364 3799 populo,
382 3739 412 3785 ut
430 3735 536 3797 dicunt,
556 3749 573 3787 a
590 3749 635 3786 me
653 3737 770 3787 reducto
793 3737 893 3787 missas
904 3736 1050 3789 celebrare
1068 3740 1283 3803 consueverant,

51 3828 124 3879 quas
136 3828 154 3865 a
162 3828 208 3866 me
220 3815 331 3880 decepti
343 3816 426 3867 modo
436 3817 585 3882 negligant
594 3817 756 3878 celebraret
767 3818 895 3870 Minime.
907 3818 1001 3878 Quare
1022 3832 1092 3885 ergo
1113 3822 1282 3888 presbyteri,

51 3897 158 3961 quibus
169 3895 240 3946 solis
250 3896 416 3948 conceditur
429 3897 519 3949 libere
531 3899 632 3950 missas
643 3899 799 3961 celebrare,
810 3900 885 3963 quod
898 3913 943 3952 me
958 3900 1032 3953 male
1045 3902 1175 3954 docuisse
1187 3904 1282 3954 crimi-

52 3981 170 4041 nantur,
182 3981 282 4030 contra
290 3980 334 4029 sui
346 3980 472 4044 ipsorum
490 3982 659 4032 sententiam
676 3982 802 4033 deterius
819 3985 1032 4046 exsequunturt
1049 3985 1087 4035 At
1105 3985 1129 4035 si
1150 3985 1282 4036 subtilius

49 4064 155 4113 contra
174 4059 227 4112 hec
238 4061 383 4126 disputare
398 4061 550 4125 voluerint,
564 4066 668 4127 quanto
686 4066 778 4130 magis
796 4066 962 4117 seinvicem
987 4068 1155 4132 argumenta
1167 4081 1281 4119 concus-

48 4145 153 4205 serint,
166 4144 246 4195 tanto
258 4145 349 4209 magis
361 4145 485 4196 avaricie
496 4148 525 4197 et
536 4146 598 4209 eJ‘us
618 4145 721 4198 ancille
739 4147 901 4199 ambitionis
919 4149 1015 4200 fucata
1036 4148 1178 4215 ingluvies
1197 4164 1279 4215 appa·

51 4227 149 4277 rebat.

85 4306 173 4360 Patet
182 4319 262 4374 ergo,
273 4310 399 4373 proiecto
407 4311 494 4376 patet,
505 4311 588 4375 quod,
597 4312 730 4375 quoniam
739 4313 829 4377 gratis
839 4313 1045 4365 absconderunt
1054 4313 1124 4364 mihi
1133 4315 1282 4366 interitum

48 4389 149 4453 laquei
170 4390 225 4452 sui,
248 4392 340 4456 captio
361 4405 445 4456 quam
468 4393 682 4452 absconderant,
708 4394 894 4459 apprehendit
912 4409 970 4447 eos.
989 4394 1026 4446 Et
1046 4410 1102 4447 non
1125 4397 1279 4449 immerito.

48 4472 264 4524 Retribuebant
280 4474 356 4526 enim
368 4474 439 4525 mihi
456 4474 532 4527 mala
543 4489 594 4540 pro
613 4475 693 4526 bonis
711 4475 846 4527 etodium
863 4490 914 4541 pro
932 4477 1084 4530 dilectione
1095 4492 1166 4530 mea.
1187 4480 1278 4533 Bene·

48 4555 146 4606 dictus
165 4555 262 4620 itaque
287 4555 430 4617 Dominus,
455 4558 504 4620 qui
527 4572 583 4608 non
595 4558 673 4609 dedit
696 4572 741 4610 me
759 4559 788 4608 in
806 4559 936 4624 captione
956 4559 1087 4612 dentibus
1108 4575 1215 4626 eorum,
1232 4564 1283 4616 sed
1384 4622 1385 4626 ἵ

48 4640 179 4691 animam
196 4652 290 4692 meam
302 4640 409 4706 eripuit
419 4641 454 4692 de
467 4639 569 4705 laqueo
582 4642 753 4694 venantium.
