3188 5340
682 459 786 514 ANNO
804 457 869 511 1419
1340 461 1391 513 399

166 633 227 701 het
242 630 366 699 bisdom
378 628 517 697 Utrecht
530 647 570 714 op
587 627 674 696 strai
683 648 745 695 ran
757 627 970 714 levenslsnge
981 625 1255 715 gerungensohap
1267 624 1389 712 geben-

165 757 233 804 nen
250 735 384 801 worden
400 754 408 813 ;
427 731 513 821 blijit
529 732 575 819 hij
592 731 798 817 integendeel
815 730 958 798 verhard
973 732 1005 799 in
1023 730 1062 798 de
1079 729 1245 809 booshoid,
1260 750 1319 796 zoo
1335 730 1385 796 ael

166 839 214 926 hij
239 839 289 906 als
304 837 415 905 letter
438 835 576 924 ontwijd
600 856 641 902 en
663 855 726 902 aen
751 833 791 902 de
816 834 1020 922 wereldlijlre
1045 834 1153 902 macht
1175 832 1387 919 overgelaten

166 941 318 1011 worden.
344 938 461 1025 (Begin
479 959 519 1004 en
538 939 601 1006 slot
621 959 681 1005 van
699 936 868 1007 Grabow’s
886 937 971 1006 boek
993 959 1034 1006 en
1051 938 1227 1024 stellingon
1252 937 1386 1004 worden

166 1047 202 1112 in
233 1044 291 1112 het
315 1042 434 1110 roonis
457 1043 677 1128 opgegeren.)
701 1042 751 1108 Na
781 1041 985 1128 vermelding
1007 1041 1066 1108 der
1088 1040 1157 1108 drie
1181 1059 1398 1127 opgeroepen

165 1148 336 1236 getnigen,
355 1146 442 1212 allen
455 1145 503 1212 uit
520 1145 578 1211 het
590 1142 714 1212 bisdom
731 1145 893 1226 Munster,
904 1144 1038 1214 teelrent
1051 1145 1091 1210 de
1107 1143 1231 1211 notaris
1244 1144 1388 1211 Hermen

165 1251 351 1330 Lutliehns,
369 1247 464 1315 klerk
478 1267 541 1315 ren
554 1247 717 1316 hetzelide
731 1248 869 1330 diocese,
888 1248 929 1316 de
945 1248 1122 1317 notariie'ele
1137 1252 1223 1318 acte.

200 1389 360 1442 innomine
374 1387 488 1439 Domini
502 1400 595 1441 amen.

202 1472 374 1538 Unigenitus
387 1471 439 1522 Dei
452 1469 537 1532 filius,
558 1469 638 1522 cuius
658 1469 748 1522 livore
766 1472 857 1523 senati
869 1484 966 1523 sumus
983 1472 1012 1523 et
1029 1470 1175 1536 sanguinis
1192 1470 1272 1523 tonte
1283 1471 1388 1536 renati,

167 1554 246 1608 solus
263 1568 343 1606 suam
362 1554 491 1605 fundavit
511 1553 660 1604 ecclesiam
685 1567 771 1618 suprs
792 1556 902 1619 petram
932 1554 1008 1615 fldei,
1028 1568 1094 1605 mox
1117 1556 1280 1606 nascentem
1297 1554 1390 1606 erexit

167 1641 308 1702 beatoque
321 1639 417 1699 Petro,
428 1635 620 1703 apostolorum
632 1638 765 1703 principi,
778 1647 876 1690 eterne
885 1638 942 1691 vite
951 1637 1104 1705 clavigero,
1118 1639 1230 1693 celestis
1240 1641 1269 1690 et
1280 1637 1388 1690 terreni

168 1721 254 1773 simul
271 1721 385 1786 imperii
402 1721 466 1772 iura
478 1721 628 1785 commisit,
650 1721 791 1785 dispersos
811 1720 900 1772 Israel
921 1722 957 1773 ad
980 1720 1053 1773 ovile
1065 1737 1148 1774 suum
1159 1721 1318 1774 ministerio
1338 1734 1389 1772 sne

166 1804 307 1871 passionis
330 1803 462 1855 reductos
483 1801 592 1869 ligandi
619 1803 703 1866 atque
720 1801 846 1854 solvendi
867 1804 921 1854 sibi
939 1805 968 1855 et
986 1805 1016 1855 in
1039 1819 1072 1856 eo
1095 1804 1154 1856 suis
1177 1804 1387 1856 successoribus

167 1887 274 1939 tradito
292 1886 473 1952 principetu3
500 1898 589 1949 quare
608 1885 738 1936 Romano
761 1886 899 1949 pontiflci,
922 1887 1049 1938 eiusdem
1071 1887 1208 1952 principis
1234 1887 1264 1938 in
1284 1888 1389 1952 princi·

167 1973 236 2036 patu
248 1968 409 2021 huiusmodi
422 1969 587 2032 successori,
601 1967 654 2021 hee
669 1968 767 2034 vigilie
784 1968 919 2035 precipue
932 1969 1030 2022 sedulo
1049 1970 1168 2036 iugique
1187 1968 1280 2021 studio
1300 1969 1389 2021 immi·

167 2055 238 2105 nent
259 2051 414 2117 apostolice
434 2052 588 2111 servitutis,
606 2052 638 2102 ut
654 2050 804 2103 ecclesiam
821 2051 911 2115 ipsam
929 2066 1060 2117 sponsam
1079 2065 1159 2104 suam
1183 2067 1254 2105 noro
1278 2067 1391 2118 semper

169 2137 230 2188 ietu
249 2133 419 2200 multiplicet
437 2131 710 2199 multiplicatamque
730 2135 760 2186 in
778 2135 866 2199 ipsius
885 2135 1060 2200 integritate,
1080 2149 1144 2187 cum
1160 2136 1222 2201 ipsa
1242 2137 1334 2188 mater
1353 2137 1391 2186 sit

169 2217 289 2269 illabata
300 2217 361 2269 sine
378 2215 489 2268 macula
506 2216 535 2268 et
546 2229 630 2282 rugo,
648 2219 729 2268 extra
741 2231 825 2282 quam
846 2216 938 2269 nullus
955 2218 1069 2283 proiicit
1086 2217 1265 2280 adsalutem,
1284 2219 1389 2282 absque

168 2313 310 2364 errorum,
327 2300 478 2365 presertim
494 2297 603 2350 heresis
626 2300 826 2351 commixtione
849 2298 1012 2351 inviolatam
1031 2301 1188 2353 conservet.
1218 2302 1254 2364 (l)
1282 2300 1391 2354 Nature

168 2383 245 2435 enim
256 2381 378 2433 humane
390 2379 517 2432 condicio
526 2393 615 2445 prava
625 2381 661 2432 ad
670 2379 775 2433 melum
784 2383 928 2446 umquem
940 2395 988 2433 vas
1001 2381 1082 2448 flguii
1100 2381 1252 2450 fragilitati
1264 2383 1391 2436 subiecto

169 2465 255 2517 iscile
272 2463 416 2529 irangitur
429 2465 458 2514 et
474 2461 591 2515 difficile
608 2464 768 2529 reparetur.

203 2547 277 2599 Sane
297 2546 406 2612 pridem
427 2546 462 2597 ad
480 2546 650 2597 sanctissimi
672 2546 702 2597 in
727 2545 839 2598 Christo
862 2548 951 2611 patris
977 2549 1006 2599 et
1032 2548 1139 2600 domini
1167 2549 1258 2600 nostri
1283 2548 1389 2600 domini

170 2628 297 2691 Martini,
317 2629 411 2680 divine
427 2628 578 2693 prudentia
605 2642 677 2694 pape
706 2629 807 2692 quinti,
834 2628 992 2681 clamorosa
1010 2644 1078 2682 voce
1103 2630 1304 2683 nonnullorum
1329 2629 1390 2683 zelo

167 2712 236 2764 fidei
256 2712 427 2764 terrentium
442 2712 477 2763 de
490 2711 618 2775 partibus
631 2710 779 2763 Alamanie
800 2712 945 2768 interioris
961 2712 1006 2777 lt),
1031 2714 1063 2763 ut
1082 2713 1242 2778 didicimus,
1260 2714 1390 2780 pervenit

168 2794 306 2852 auditum,
328 2795 402 2859 quod
415 2794 529 2859 quidam
541 2793 630 2846 irater
642 2793 785 2845 Mattheus
797 2795 928 2859 Grabow,
940 2795 1048 2846 ordinis
1059 2797 1281 2861 predicatorum,
1290 2798 1390 2849 contra

167 2877 327 2929 doctrinam
348 2876 469 2942 apostoli
489 2875 553 2940 plus
565 2889 664 2941 sapere
677 2874 775 2927 volens
793 2891 877 2942 quam
895 2879 1017 2943 oportet,
1030 2877 1154 2930 tunicam
1168 2879 1281 2930 Domini
1293 2880 1390 2931 incon-

167 2958 282 3012 sutilem
302 2958 431 3010 scindere
448 2957 564 3009 molitus
581 2957 633 3019 est,
652 2959 797 3023 zizaniam,
818 2960 976 3023 iniquitatis
987 2961 1082 3011 satore
1094 2963 1273 3024 procurante,
1291 2961 1320 3011 in
1333 2975 1389 3011 non

166 3042 312 3095 modicum
328 3041 394 3092 fidei
407 3039 564 3092 orthodoxe
576 3041 714 3093 iacturam
726 3041 892 3093 seminando
905 3043 943 3104 et,
956 3042 1030 3106 quod
1042 3041 1215 3094 horrendum
1227 3045 1270 3094 est
1282 3042 1389 3106 auditu,

166 3124 304 3189 quasdam
321 3135 456 3175 erroneas
475 3124 505 3174 et
524 3136 541 3173 a
562 3122 617 3174 lide
635 3123 730 3174 demes
747 3123 919 3175 assertiones
930 3124 996 3175 dato
1015 3125 1166 3190 cyrogroio
1178 3123 1291 3190 publice
1309 3125 1390 3176 effir-
1469 3122 1472 3129 '

165 3207 256 3259 movit
273 3208 302 3258 et
319 3205 525 3272 dogmatisavit.
545 3205 589 3257 Ne
609 3207 704 3258 autem
717 3219 773 3257 una
792 3206 852 3257 oris
870 3206 1000 3258 morbide
1011 3207 1102 3258 totum
1119 3219 1237 3273 gregem
1250 3207 1389 3267 inliceret,

165 3288 346 3356 populusque
367 3288 427 3339 Deo
444 3289 562 3340 devotus
579 3288 608 3338 in
620 3286 803 3353 simplicitate
815 3287 972 3354 ambulans,
984 3289 1231 3355 pseudoprophete
1241 3289 1390 3342 attendens

164 3371 338 3424 illaberetur
350 3371 384 3422 ad
396 3371 493 3433 vetito,
512 3370 830 3435 contaminarenturque
842 3372 940 3424 sancta
950 3384 984 3423 ac
998 3369 1094 3436 plures
1105 3371 1140 3424 de
1152 3371 1277 3425 venitote
1292 3385 1389 3424 conve

164 3452 265 3505 nirent
281 3452 311 3503 ln
331 3451 360 3502 id
377 3451 479 3517 ipsum,
498 3453 624 3517 prelatus
642 3451 770 3503 dominus
783 3453 879 3504 noster
890 3466 973 3518 papa,
986 3467 1055 3506 cure
1073 3452 1217 3520 pervigili,
1236 3453 1387 3519 dihgentia

163 3535 311 3599 exquisita
330 3534 410 3585 iuxta
427 3534 554 3586 veritatis
574 3535 709 3586 verbum:
733 3535 861 3600 «Arbor,
879 3548 933 3600 que
953 3550 1009 3587 non
1029 3536 1099 3588 iacit
1122 3537 1226 3588 bonum
1253 3538 1389 3596 iructnm,

163 3617 317 3671 excidetur
335 3617 365 3668 et
381 3617 411 3666 in
434 3616 530 3682 ignem
550 3617 679 3669 mittetur
691 3636 713 3680 ι,
734 3618 981 3682 intructuososqne
1001 3617 1133 3684 palmites
1159 3620 1302 3672 instruens
1329 3633 1389 3670 suc·

163 3700 313 3762 cidendos,
331 3699 361 3752 et
378 3700 409 3750 ut
421 3698 455 3750 de
467 3699 612 3763 premissis
629 3699 733 3751 veritas
745 3700 958 3761 dilucidaretur,
976 3702 1061 3766 prout
1077 3703 1155 3754 tante
1167 3703 1286 3755 materie
1299 3703 1391 3768 exigit

162 3781 303 3849 qualitas,
313 3781 435 3845 fideique
447 3781 604 3834 orthodoxo
616 3784 833 3834 conservaretur
844 3783 1001 3846 sinceritas,
1015 3786 1044 3836 et
1052 3798 1088 3837 ne
1099 3785 1151 3836 sub
1164 3784 1387 3838 dissimulatione

163 3868 243 3917 sicco
255 3865 328 3930 pede
339 3865 484 3917 rideretur
500 3863 656 3926 ambulare,
669 3866 700 3917 ut
720 3864 841 3917 iacilitas
853 3867 934 3918 venie
946 3867 1134 3919 intentionem
1146 3869 1287 3920 tribueret
1297 3868 1386 3920 delin-

197 4095 234 4163 (1)
251 4094 356 4148 Geheel
368 4095 435 4149 deae
447 4095 552 4148 aanhei
566 4096 591 4147 is
603 4095 729 4148 dezelide
746 4094 788 4149 als
799 4096 828 4147 in
846 4096 881 4148 de
898 4095 989 4149 latere
1003 4097 1159 4150 notarieele
1171 4100 1234 4151 acte
1252 4112 1305 4151 van
1320 4098 1384 4151 Flo·

167 4192 254 4231 rence
272 4179 301 4229 in
318 4177 387 4229 aske
405 4177 538 4230 Nicoleas
550 4179 697 4230 Serrurier
713 4177 753 4242 (ll
766 4179 833 4230 Dee.
856 4177 1173 4242 1419.)Ziehierboven,
1194 4180 1248 4233 hla.
1261 4179 1319 4233 231.

199 4261 235 4326 (2)
253 4261 286 4312 In
299 4259 426 4312 heistuk
437 4274 505 4311 over
517 4261 673 4323 Serrurier,
690 4261 797 4312 waerin
820 4260 888 4312 deae
910 4263 1064 4328 parngraai
1083 4262 1139 4314 ooli
1161 4262 1239 4328 bijna
1260 4263 1386 4316 dezelido

169 4343 202 4410 is,
219 4343 336 4395 mutatis
345 4339 501 4408 mutandis,
513 4340 586 4395 leest
596 4357 661 4394 men
673 4341 803 4410 portibus
824 4340 924 4405 Gallie,
936 4343 963 4394 d.
982 4345 1001 4394 i.
1016 4343 1170 4409 Frenlsrljls
1182 4344 1288 4411 (linker
1301 4359 1387 4399 oerer

168 4428 219 4479 der
237 4425 377 4490 Schelde).
401 4425 528 4476 Doornik
550 4424 598 4492 lag
617 4427 687 4491 juist
709 4440 745 4491 op
765 4425 831 4478 dien
854 4439 939 4479 oever
961 4439 1015 4479 aen
1032 4426 1068 4480 de
1088 4429 1208 4480 uiterste
1232 4442 1318 4497 grens
1336 4443 1390 4483 van

168 4511 218 4563 het
239 4508 383 4562 Fransohe
400 4508 576 4574 koninkrijk.
