3188 5340
571 450 758 508 1111111111
847 403 850 409 ’

552 722 608 791 e4
632 717 782 816 (sese).

107 915 200 987 1374,
217 910 463 994 luti-October,
488 912 708 995 Maosbtcbt,
737 915 839 996 tuit,
867 917 1055 1005 Tonperen,
1082 919 1222 986 Hcrstol
1244 937 1286 987 en

68 1013 233 1103 oobun‘pe
244 1018 416 1104 plaatsen.
432 1016 613 1085 Uittrelrsel
627 1018 674 1086 uit
688 1018 745 1087 het
763 1021 931 1108 Mopnum
945 1018 1152 1089 Obronr‘cum
1174 1023 1288 1111 Belpi·

66 1139 141 1187 cum
157 1119 363 1209 (11111111)
380 1139 462 1187 over
477 1119 535 1188 het
552 1124 768 1202 ontstaan,de
785 1124 1063 1212 verspreidingen
1078 1126 1288 1212 (1111111111-

64 1223 143 1311 ning
159 1244 225 1291 van
240 1222 281 1290 de
304 1226 393 1289 secte
417 1222 477 1289 der
498 1222 656 1292 bezetene
679 1227 823 1294 Dansers
846 1227 881 1294 in
901 1228 959 1296 het
974 1227 1098 1296 bisdom
1121 1229 1217 1298 Luik.
1243 1267 1289 1280 -

62 1327 145 1394 Dese
161 1328 307 1394 Dansers
333 1324 468 1393 werden
486 1335 574 1396 seret
595 1327 709 1416 gezien
726 1329 759 1396 in
781 1329 848 1399 Juli
882 1331 1077 1399 13141111
1105 1332 1145 1399 de
1170 1331 1287 1401 maand

60 1428 252 1517 September
274 1427 428 1497 kvamen
456 1430 497 1518 eij
522 1452 605 1500 naar
636 1433 844 1518 Maastricht,
875 1435 969 1513 111111,
999 1436 1183 1522 Tongeren,
1213 1456 1284 1505 ens.

59 1535 203 1624 (Daarop
214 1533 335 1620 volgen
349 1552 517 1619 ongeveer
530 1535 673 1603 dezelfde
687 1535 974 1625 bijzonderheden,
990 1538 1042 1606 die
1057 1539 1152 1605 reeds
1169 1539 1203 1605 in
1218 1538 1288 1607 drie

60 1637 220 1716 stukken,
237 1635 271 1704 in
286 1634 417 1721 eorpus
435 1636 462 1714 I,
479 1637 535 1705 Nl·
550 1637 617 1704 222
632 1658 673 1704 en
688 1638 754 1706 223
770 1659 811 1706 en
828 1638 1008 1707 hierboven
1024 1641 1068 1709 Nr
1090 1642 1135 1709 93
1150 1640 1289 1729 (223b2)

60 1738 209 1808 vermeld
232 1736 389 1827 werden).
420 1741 488 1808 Ten
516 1741 614 1810 slotte
646 1742 756 1810 werdt
783 1734 990 1830 opgemerkt,
1008 1744 1064 1813 dat
1097 1745 1175 1812 dese
1201 1752 1290 1814 secte

60 1844 252 1932 gedorende
274 1840 334 1910 6611
357 1843 432 1931 jaer
450 1845 544 1913 stcrk
566 1851 710 1928 toenam,
736 1867 828 1914 mear
843 1845 978 1928 daarna,
1004 1867 1048 1915 na
1070 1848 1140 1916 drie
1163 1848 1201 1917 of
1218 1848 1290 1918 vier

57 1948 168 2036 jasen,
181 1949 300 2036 geheel
316 1972 357 2019 en
377 1951 409 2018 al
426 1948 619 2018 rerdween.
635 2012 640 2022 .

539 2100 581 2154 De
599 2099 812 2155 crassenses.

96 2216 172 2269 Item
192 2229 269 2270 anno
287 2217 403 2270 Domini
413 2211 636 2280 ucccnxxw,
655 2218 783 2284 tempore
800 2219 980 2285 pontificatus
996 2218 1168 2272 uenerabilis
1185 2220 1292 2274 domini

64 2296 188 2352 ioannis
199 2299 234 2351 de
245 2299 360 2363 Arckel,
374 2300 500 2367 episcopi
518 2300 695 2362 Leodiensis,
710 2301 739 2352 in
757 2314 854 2354 mense
869 2298 948 2353 lulio
965 2302 996 2353 in
1007 2302 1131 2353 crastino
1143 2302 1289 2355 divisionis

60 2380 261 2447 Apostolorum
283 2384 337 2436 visi
357 2386 424 2436 sunt
446 2384 613 2435 dansatores
636 2383 747 2435 scilieet
767 2384 951 2445 chorisentes,
970 2384 1019 2448 qui
1037 2385 1136 2449 postea
1151 2386 1290 2437 venerunt

61 2463 237 2527 Traiectum,
251 2464 397 2527 Leodium,
408 2465 549 2533 'tungrim
562 2469 591 2519 et
603 2466 661 2519 slis
670 2466 733 2519 loca
745 2468 865 2519 istarum
877 2467 1001 2532 partium
1013 2467 1043 2518 in
1055 2480 1152 2519 menso
1164 2466 1288 2532 Septem·

60 2546 118 2598 bri.
130 2546 168 2598 Et
179 2547 274 2612 coepit
285 2546 356 2598 haec
368 2547 552 2602 daemoniaca
569 2550 660 2615 pestis
680 2564 784 2602 vexere
805 2550 835 2600 in
852 2550 935 2600 dictis
954 2548 1024 2601 locis
1036 2551 1066 2601 et
1081 2549 1289 2601 circumvicinis

60 2627 204 2680 masculos
216 2630 246 2681 et
257 2629 397 2681 foeminas
409 2632 532 2684 maxime
545 2645 685 2697 pauperes
697 2635 726 2685 et
738 2632 809 2683 levis
821 2633 961 2697 opinionis
973 2632 1008 2683 ad
1017 2645 1152 2698 magnum
1164 2632 1290 2685 omnium

60 2712 217 2776 terrorem3
230 2712 313 2777 pauci
325 2709 495 2765 clericorum
515 2714 559 2766 vel
575 2714 693 2767 divitum
711 2717 777 2767 sunt
787 2715 891 2767 vexati.
905 2715 986 2767 Serta
997 2714 1027 2767 in
1044 2706 1185 2780 'capitibus
1195 2718 1289 2782 gesta·

59 2792 131 2846 bant
146 2794 224 2846 circa
242 2796 378 2857 ventrem,
390 2809 493 2863 mappa
512 2811 579 2849 cum
603 2797 704 2851 baculo
721 2812 753 2851 se
769 2798 947 2864 stringebant
958 2799 1036 2850 circa
1051 2797 1226 2861 umbilicum,
1239 2799 1288 2850 ubi

59 2877 126 2942 post
142 2875 324 2929 saltationem
336 2878 469 2931 cedentes
493 2880 614 2932 nimium
633 2883 850 2946 torquebantur,
868 2881 897 2932 et
915 2893 951 2932 ne
967 2883 1153 2945 creparentur
1169 2878 1289 2944 pedibus

60 2957 311 3022 conculcabantur,
336 2959 382 3012 vel
411 2963 510 3014 contra
536 2977 684 3029 creporem
706 2978 770 3015 cum
793 2962 892 3016 baculo
914 2964 950 3013 ad
972 2976 1103 3028 mappam
1131 2963 1242 3014 densiter
1258 2975 1288 3013 se

60 3041 201 3109 ligabant,
213 3041 258 3094 vel
269 3056 335 3094 cum
346 3057 442 3110 pugno
451 3057 482 3097 se
494 3047 572 3097 trudi
582 3047 735 3110 iaciebant,
747 3050 842 3099 rostra
858 3045 1018 3098 calceorum
1028 3045 1117 3111 aliqui
1129 3045 1289 3097 clamabant

60 3139 94 3178 se
112 3123 278 3189 abhorrere,
305 3128 383 3198 unde
402 3128 432 3178 in
455 3127 561 3179 Leodio
586 3130 649 3180 ficri
671 3133 739 3181 tunc
762 3130 939 3183 vetabantur.
960 3128 1102 3180 Ecclesiae
1119 3127 1287 3180 chorisando

60 3209 248 3274 occupabant,
261 3210 291 3262 et
301 3211 467 3261 crescebant
485 3224 637 3265 numerose
656 3213 691 3264 de
701 3226 797 3264 mense
807 3211 967 3278 Septembri
979 3211 1009 3263 et
1024 3208 1158 3273 Octobri3
1176 3221 1289 3274 prooes-

60 3293 160 3343 siones
176 3291 286 3344 flebant
310 3293 426 3356 ubique,
452 3291 572 3347 litaniae
595 3296 624 3346 et
643 3296 746 3347 missae
763 3294 912 3360 speciales.
940 3293 1039 3345 Leodii
1059 3292 1133 3356 apud
1158 3290 1288 3343 Sanctam

60 3372 182 3425 Crucem
193 3371 331 3424 scholaris
343 3375 464 3425 servitor
474 3375 504 3426 in
513 3378 639 3442 vesperis
649 3377 835 3429 dedicationis
844 3377 939 3441 coepit
947 3375 1047 3427 ludere
1059 3387 1123 3425 cum
1131 3372 1287 3436 thuribulo,

60 3462 92 3509 et
112 3457 177 3521 post
197 3468 329 3520 vesperas
346 3457 461 3508 tortiter
477 3456 592 3520 saltare,
611 3459 705 3510 tantus
725 3471 742 3509 a
760 3457 890 3522 pluribus
901 3459 933 3507 ut
950 3456 1057 3507 diceret
1077 3454 1165 3506 Pater
1181 3456 1287 3517 noster,

60 3536 165 3599 noluit,
172 3538 203 3589 et
214 3536 481 3603 credo,respondit:
501 3536 680 3600 ecredomit,
688 3537 718 3587 in
731 3534 875 3588 diabolum
887 3553 908 3585 ι.
917 3534 997 3595 Quod
1009 3533 1107 3585 videns
1116 3532 1287 3599 capellanus,

59 3618 151 3673 allata
161 3618 245 3684 stola,
256 3620 415 3672 coniuravit
427 3635 554 3687 eumper
568 3620 759 3673 exorcismum
776 3618 1018 3684 baptizandorum,
1037 3617 1066 3668 et
1083 3616 1178 3668 stetim
1195 3616 1286 3667 dixit:

61 3723 73 3751 ι
85 3704 172 3766 Ecce,
183 3703 287 3769 inquit,
300 3703 438 3756 scholaris
450 3705 560 3757 recedit
572 3717 636 3756 oum
653 3716 740 3769 parva
749 3704 817 3769 toga
826 3703 855 3754 et
871 3699 975 3753 calceis
992 3700 1133 3752 rostratis.
1145 3698 1208 3761 Dic,
1220 3699 1288 3748 tuno

59 3787 166 3852 inquit,
178 3787 267 3839 Pater
278 3789 376 3840 noster
392 3789 421 3840 et
435 3788 525 3840 Credo
536 3805 557 3838 1.
575 3788 614 3839 At
625 3786 675 3838 ille
687 3788 838 3851 utrumque
848 3785 921 3836 dixit
928 3785 1056 3850 perlecto
1068 3784 1097 3834 et
1108 3783 1222 3833 curatus
1233 3782 1285 3834 est.

58 3868 145 3935 Apud
162 3867 349 3921 Harstallium
365 3883 422 3921 uno
439 3883 523 3922 mane
546 3871 612 3922 ente
624 3869 750 3920 omnium
762 3870 934 3928 sanctorum,
948 3865 1031 3918 multi
1051 3878 1149 3918 eorum
1166 3864 1207 3915 ibi
1219 3878 1287 3915 con-

59 3952 176 4020 gregati
196 3950 346 4003 consilium
363 3951 532 4015 habuerunt,
551 3953 584 4003 ut
604 3953 713 4018 pariter
730 3952 876 4004 venientes
887 3963 984 4002 omnes
996 3947 1155 4009 canonicos,
1173 3947 1288 4012 presby·

58 4037 140 4088 teros
156 4036 186 4087 et
207 4033 327 4086 clericos
347 4034 518 4088 Leodienses
540 4035 712 4087 occiderent.
734 4034 892 4086 canonicus
920 4031 1035 4097 qnidam
1052 4042 1155 4096 parvae
1173 4042 1288 4081 mensae

59 4118 194 4170 minister
204 4117 301 4170 Simon
312 4118 343 4169 in
354 4117 478 4170 claustro
491 4117 644 4170 Leodiensi
662 4118 736 4182 apud
753 4115 893 4182 capellam
910 4115 1017 4167 Beatae
1033 4112 1160 4178 Virginis
1176 4111 1206 4162 in
1227 4111 1287 4162 Deo

58 4201 238 4254 contortatus
249 4199 351 4252 stolam
360 4200 481 4265 proiecit
493 4201 523 4251 in
535 4197 640 4252 collum
652 4199 746 4263 unius,
758 4199 855 4250 dicens
873 4196 1061 4263 Evangelium
1075 4210 1081 4246 :
1103 4195 1137 4247 In
1148 4195 1287 4260 principio

58 4284 126 4336 erat
141 4285 260 4336 verbum
276 4295 362 4348 super
379 4283 464 4348 caput
481 4282 551 4346 eius,
581 4283 610 4334 ct
631 4294 684 4347 per
704 4272 760 4332 hoc
783 4281 840 4332 luit
862 4279 1009 4340 liberatus,
1028 4279 1058 4328 et
1079 4290 1131 4342 pro
1151 4275 1287 4328 miraculo

59 4363 160 4415 statim
181 4365 237 4417 tuit
263 4365 416 4432 pulsatum.
440 4365 524 4431 spuo
545 4365 573 4417 S.
594 4361 834 4416 Bartholomseum
851 4362 951 4416 Leodii
978 4359 1174 4425 praesentibus
1191 4357 1287 4409 multis

57 4446 175 4499 cuidam
185 4447 243 4502 alio
256 4448 428 4502 exorcizanti
436 4448 584 4514 respondit
592 4447 728 4499 daemon:
743 4446 828 4514 «ligo
838 4446 921 4499 exibo
930 4444 1055 4497 libenter
1064 4461 1085 4495 1.
1098 4440 1287 4505 «Exspecta»,

58 4532 157 4598 inquit
166 4535 326 4603 presbyter,
339 4553 351 4586 1
362 4533 427 4588 volo
439 4533 492 4588 tibi
501 4532 582 4598 loqui
593 4551 615 4584 ι.
636 4530 673 4585 Ε1
684 4531 834 4598 postquam
846 4530 956 4596 abquoe
968 4528 1040 4583 alios
1059 4527 1195 4590 curasset,
1216 4523 1288 4575 dixit

1206 4614 1239 4665 10
