3188 5340
833 485 938 539 ANNO
957 484 1021 539 1409

816 729 1034 826 rameru).

355 914 660 1016 1409,September
674 934 727 1010 30,
745 929 886 997 Keulen.
917 929 1000 996 Acte
1017 949 1081 994 van
1098 928 1161 995 den
1178 927 1385 1016 pauselijlren
1403 926 1553 1014 inquisi-

310 1041 385 1105 teur
400 1035 616 1124 Gyselbertus
633 1036 673 1104 de
697 1036 847 1122 Trajeeto
870 1035 1022 1103 inferiori
1045 1035 1224 1125 (Utrecbt),
1251 1034 1419 1122 professor
1443 1035 1478 1102 in
1500 1034 1554 1102 de

309 1139 584 1228 godgeleardbeid
606 1143 641 1207 te
663 1140 791 1208 Keulen
808 1160 850 1206 en
866 1138 1068 1227 provinciaal
1084 1137 1143 1205 der
1159 1137 1411 1224 predilrheeren,
1430 1157 1553 1205 waar-

307 1247 351 1339 bij
368 1248 413 1335 hij
431 1247 540 1336 rijnen
558 1245 790 1315 medebroeder
805 1245 907 1316 Jacob
923 1246 962 1313 de
978 1246 1096 1314 Susato
1119 1246 1241 1335 (Soest)
1263 1251 1315 1313 tot
1337 1244 1554 1330 inquisitam·

307 1349 452 1418 aanstalt
474 1350 508 1416 in
532 1349 572 1417 de
596 1349 794 1418 bisdommen
817 1351 959 1428 Keulen‚
978 1348 1129 1426 Utrecbt,
1147 1347 1311 1426 Monster,
1329 1345 1546 1426 Osnabruclr,

307 1456 452 1535 Mindon,
472 1459 611 1526 Bremen
639 1478 679 1524 en
704 1456 904 1525 Paderborn.
920 1456 1098 1541 -Gevolg
1121 1453 1271 1541 gevende
1292 1475 1356 1521 aan
1382 1474 1466 1523 eene
1482 1453 1549 1522 bul

204 1625 205 1629 ,
306 1579 372 1628 van
396 1560 575 1648 Gregorius
591 1561 652 1642 XI,
679 1558 814 1648 waarbij
838 1560 913 1626 bem
938 1559 1073 1626 bevolen
1098 1578 1168 1624 was
1192 1557 1255 1646 vijl
1274 1557 1550 1644 inquisiteursim

306 1661 347 1730 de
369 1663 526 1732 Duitsohe
549 1663 670 1730 landen
693 1670 728 1731 te
752 1663 932 1730 benoemen
949 1660 1010 1751 (1),
1029 1660 1123 1728 duidt
1149 1660 1196 1750 hij
1223 1658 1324 1729 Jacob
1350 1681 1416 1728 van
1442 1660 1550 1730 Soest

306 1785 387 1832 voor
398 1765 438 1832 de
450 1764 703 1853 bovengemelde
719 1764 920 1833 bisdommen
936 1785 1011 1842 aan,
1032 1785 1075 1831 na
1090 1764 1153 1829 den
1171 1762 1249 1830 raad
1263 1764 1486 1850 ingewonneu
1501 1769 1547 1832 te

306 1866 434 1936 hebben
451 1890 516 1936 vau
539 1869 817 1937 onderscbeidene
839 1866 1095 1955 godgeleerdeu.
1121 1864 1181 1954 (De
1197 1866 1325 1934 notaris
1339 1865 1453 1934 Simon
1469 1887 1543 1935 vam

305 1971 449 2058 Oudorp‚
468 1973 609 2058 priester
625 1993 687 2040 van
713 1973 769 2040 het
786 1972 971 2039 Utrecbsch
994 1969 1131 2051 bisdom,
1158 1969 1261 2037 stelde
1285 1969 1325 2036 de
1341 1976 1415 2038 acte
1433 1991 1475 2058 op
1491 1991 1544 2037 em

306 2075 419 2142 deelde
435 2096 472 2142 er
487 2076 526 2143 de
543 2096 661 2142 namen
679 2075 737 2142 dar
752 2076 907 2162 getnigen
924 2074 957 2141 in
975 2073 1093 2162 mede).

335 2211 560 2266 lustramentum
570 2214 720 2266 emmonis
729 2214 898 2281 inquisitoris
910 2211 1027 2266 baetim
1037 2213 1199 2280 prandetis.

335 2290 499 2348 Venerabili
511 2297 541 2347 iu
559 2295 671 2347 Christo
692 2297 767 2360 patri
784 2297 892 2348 Jacobo
911 2297 947 2348 de
959 2296 1070 2358 Susato,
1092 2296 1127 2347 de
1139 2293 1286 2360 provincia
1298 2293 1434 2358 Saxonis,
1450 2304 1538 2345 sacre

303 2376 448 2444 theologie
467 2379 633 2443 professori,
655 2379 763 2430 ordinis
781 2380 903 2430 fratrum
920 2379 1143 2442 predicatorum,
1170 2378 1262 2428 irater
1288 2375 1474 2442 Gysalbertus
1491 2376 1533 2426 de

303 2460 435 2524 Trajecto
444 2459 589 2521 Interiori,
600 2461 728 2525 ejusdem
737 2461 855 2521 ordinis,
869 2461 949 2524 prior
966 2460 1149 2524 provincialis
1166 2459 1313 2523 provincie
1325 2457 1529 2510 rneutonieac

302 2540 429 2594 heretice
446 2544 594 2607 pravitatis
613 2543 775 2606 inquisitor,
794 2543 914 2594 salutem
932 2543 961 2592 in
973 2543 1090 2594 auctore
1108 2542 1185 2604 fidei,
1204 2542 1234 2594 et
1253 2541 1397 2594 mandatis
1413 2539 1528 2602 nocua,

302 2638 396 2688 ymmo
409 2625 503 2676 verius
514 2624 688 2688 apostolicis,
698 2624 845 2677 humiliter
854 2625 980 2677 obedire.

336 2707 459 2758 Litteras
478 2707 648 2758 sanctissimi
665 2708 694 2757 in
715 2706 828 2758 Christo
845 2707 935 2771 patris
952 2722 985 2758 ac
1005 2707 1112 2758 domini
1139 2707 1230 2759 nostri
1247 2707 1356 2758 domini
1386 2704 1521 2774 Gregorii,

302 2789 397 2840 diviua
408 2790 590 2853 providencia
601 2803 673 2853 pape
683 2789 836 2852 undecimi,
850 2791 912 2854 ejus
924 2803 991 2841 vera
1000 2789 1079 2842 bulla
1087 2789 1222 2854 plumbea
1232 2803 1297 2840 cum
1310 2788 1430 2840 cordula
1447 2800 1520 2840 cana·

301 2869 345 2934 pis
355 2883 433 2921 more
443 2870 572 2921 Romane
581 2870 660 2921 curie
669 2871 835 2934 inpendenti
847 2869 979 2933 bullatas,
992 2881 1075 2922 sanas
1087 2872 1118 2922 et
1128 2870 1257 2937 integras
1268 2884 1303 2922 ac
1314 2871 1395 2922 omui
1412 2883 1518 2936 prorsus

301 2950 374 3001 vicio
383 2953 414 3003 et
421 2952 581 3015 suspicione
591 2954 732 3012 carentes,
745 2967 796 3003 nos
813 2966 877 3004 cum
889 2966 924 3004 ea
936 2967 992 3017 qua
1011 2953 1108 3005 decuit
1125 2953 1293 3005 reverencia
1312 2953 1457 3020 recepisse
1478 2965 1518 3004 no

304 3034 410 3097 veritis,
423 3048 543 3098 quarum
553 3037 636 3086 tenor
644 3035 774 3099 sequitur
783 3035 812 3085 in
825 3034 879 3087 bec
888 3036 992 3086 verba:

335 3116 491 3182 Gregorius
508 3117 666 3181 episcopus,
677 3131 775 3168 servus
784 3131 932 3168 servorum
945 3117 1007 3178 Dei,
1022 3118 1078 3169 etc.
1087 3116 1122 3180 (2)

336 3199 395 3250 Nos
414 3199 513 3265 igitur,
531 3201 622 3251 dictas
638 3201 751 3252 litteras
771 3200 940 3264 apostolicas
958 3202 1044 3266 atque
1061 3200 1195 3252 mandate
1214 3201 1244 3251 iu
1259 3201 1330 3266 ipsis
1349 3201 1433 3254 nobis
1448 3202 1519 3255 mco

302 3280 429 3333 volentos
438 3284 604 3334 reverenter
612 3283 724 3347 exequi,
736 3284 768 3334 ut
777 3285 917 3345 tenemur,
927 3298 986 3347 vos,
997 3285 1032 3335 de
1044 3285 1125 3348 cuius
1137 3285 1301 3349 ydoneitate
1311 3287 1340 3337 et
1348 3285 1416 3338 aliis
1426 3286 1522 3338 condi·

303 3363 432 3414 cionibus
451 3364 480 3414 in
493 3364 575 3414 dictis
587 3363 692 3416 litteris
709 3365 872 3429 apostolicis
889 3366 1032 3429 expressis
1042 3366 1156 3431 plenam
1174 3367 1335 3419 obtinemus
1351 3369 1385 3419 in
1406 3369 1521 3420 Domim

303 3446 446 3509 fiduciam,
456 3447 548 3510 deque
559 3446 678 3497 consilio
688 3449 717 3498 et
725 3461 842 3499 assensu
853 3448 1075 3499 reverendorum
1087 3449 1290 3514 magistrorum
1299 3448 1524 3513 licenciatorum,

302 3527 526 3580 baccalariorum
543 3529 573 3578 in
590 3543 671 3580 sacra
682 3528 829 3595 theologia
841 3542 874 3581 ac
891 3529 1013 3581 aliorum
1030 3531 1152 3583 tratrum
1168 3531 1407 3596 subscriptorum,
1425 3534 1522 3586 tenore

301 3611 486 3674 presentium,
504 3611 674 3662 auctoritate
686 3611 842 3675 apostolica
862 3612 943 3663 nobis
964 3613 992 3662 in
1005 3612 1059 3664 bac
1075 3615 1157 3677 parte
1175 3613 1347 3677 specialiter,
1361 3617 1395 3667 ut
1406 3615 1525 3680 predici-

300 3694 358 3756 tur,
371 3693 529 3755 commissa,
539 3694 574 3744 de
586 3694 670 3744 dictis
679 3695 803 3758 quinque
815 3695 1041 3760 inquisitoribus,
1051 3698 1183 3759 quartum
1196 3696 1226 3747 in
1242 3697 1344 3749 ordine
1354 3699 1386 3749 in
1400 3699 1525 3765 dyocesi·

299 3775 362 3836 bus,
389 3775 558 3838 civitat-ibus,
585 3777 685 3827 castris
714 3778 744 3827 et
768 3777 844 3827 villis
872 3776 1044 3842 Coloniensi,
1071 3778 1259 3843 Traiecteusi,
1290 3779 1526 3844 Monasteriensi‚

301 3856 543 3923 osnabruggensi,
556 3857 714 3922 Myndensi‚
733 3859 882 3910 Bremensi
895 3861 925 3911 et
937 3861 1166 3912 paderburnensi
1183 3861 1386 3926 inquisitorem
1398 3865 1527 3929 sepelate

299 3939 446 4001 pravitatis
457 3937 583 3990 heretice
595 3941 723 4001 iacimus,
737 3941 911 3991 instituimus
924 3942 1056 3993 acaciam
1068 3942 1247 4006 deputamus,
1265 3943 1295 3994 iu
1307 3944 1418 3998 virtute
1429 3949 1528 3998 sancte

299 4020 474 4083 obediencie,
503 4021 671 4072 auctoritate
702 4035 758 4084 qua
786 4036 881 4086 supra,
900 4023 1027 4073 districte
1053 4024 1132 4074 vobis
1157 4025 1331 4090 precipimus
1356 4029 1531 4080 mandantes

299 4103 431 4166 quatinus
445 4102 606 4167 hujusmodi
624 4104 819 4167 inquisicionis
836 4105 971 4167 officium,
981 4106 1057 4170 quod
1074 4107 1104 4156 in
1115 4107 1274 4158 remedium
1285 4110 1453 4163 vestrorum
1466 4126 1532 4177 pec·

298 4184 439 4236 caminum
462 4185 645 4251 iniungimus,
664 4184 811 4237 humiliter
831 4188 861 4237 et
878 4187 979 4239 devote
999 4188 1169 4254 suscipiatis,
1182 4189 1332 4255 ipsumque
1349 4191 1385 4244 in
1402 4193 1529 4262 singulis

327 4364 365 4430 (1)
382 4363 646 4416 Ditisvellichtde
658 4365 706 4416 bul
726 4378 780 4417 vau
797 4366 829 4418 23
845 4365 905 4418 Juli
926 4365 999 4426 1372,
1021 4381 1149 4435 gegeven
1174 4369 1204 4422 te
1224 4368 1531 4431 villeneuve-leuam-

294 4460 381 4514 gnon.
393 4447 450 4508 (Zia
464 4445 578 4514 Corpus,
591 4446 655 4500 deal
667 4447 691 4512 1,
704 4447 756 4499 blu.
768 4447 929 4513 222-224,11Γ
941 4449 1010 4516 215).

323 4531 358 4595 (2)
375 4528 437 4582 Van
449 4530 485 4582 de
495 4529 653 4596 pauselijke
662 4530 710 4583 bul
724 4531 838 4585 worden
849 4530 943 4585 olleen
952 4533 1019 4588 dere
1030 4534 1165 4589 vvoorden
1176 4546 1316 4604 gegeven.
