3188 5340
197 125 230 176 26
677 125 781 178 lituo
799 126 940 177 1175-1177

198 293 232 357 te
249 290 362 358 tredan
376 290 440 357 dan
457 290 479 358 't
494 290 609 360 woord
623 290 712 358 Gods
728 292 797 360 niet
811 293 1010 381 aandachtig
1026 299 1060 362 te
1072 298 1263 365 *aanhooren
1279 322 1288 380 ;
1305 298 1419 366 alsools

197 394 255 462 dat
270 394 316 484 hij
334 395 391 461 het
404 394 496 463 lezen
513 414 576 460 van
589 394 771 462 zielmissen
788 417 828 482 op
841 396 904 464 deu
921 399 1083 485 maandag
1098 420 1161 468 van
1179 400 1287 468 isdere
1309 402 1417 482 wael,

196 519 256 565 eeu
273 495 411 584 gebi-uili
428 498 486 565 der
502 498 625 575 streek,
647 519 706 565 zou
724 499 849 565 hebben
868 500 1062 586 afgeschast.
1088 504 1220 571 Abdera
1235 502 1420 573 beschuldi-

195 602 316 687 gingen
340 602 406 668 laat
424 602 468 689 hij
487 601 725 687 onbesproken,
746 603 855 670 omdat
872 604 917 692 bij
943 625 981 671 ze
1004 605 1099 672 reads
1115 608 1313 675 ontsenuwd
1330 608 1419 677 11oest

197 706 230 772 in
253 706 339 793 aijne
357 706 580 779 caeremonia
593 726 632 771 en
647 706 680 771 in
696 705 759 793 zijn
779 708 1037 795 Antiprapbum
1054 711 1166 787 Petra,
1184 731 1344 778 waarvan
1359 732 1419 779 een
1448 702 1452 768 ’-

197 807 347 876 afschrift
364 830 423 875 aan
442 809 505 875 den
522 829 603 894 paus
619 809 711 875 werd
728 809 952 895 sangeboden.
979 812 1224 900 Herhaaldelijlc
1242 814 1420 904 vergelijkt

196 911 387 979 Lambertus
403 913 467 1001 zijn
484 914 579 998 geval
596 919 661 979 met
676 912 837 994 Christus'
853 914 946 980 leven
964 936 1006 980 en
1024 915 1136 1003 lijden.

229 1049 319 1101 Multa
335 1051 483 1103 adversum
500 1065 545 1103 me
568 1052 635 1103 ante
651 1051 703 1102 hos
724 1053 784 1104 dies
805 1053 834 1102 in
852 1054 995 1117 presentia
1015 1056 1110 1105 vestra
1128 1054 1227 1105 videns
1250 1058 1280 1106 et
1302 1055 1419 1107 audiens

196 1134 302 1198 scripta
313 1135 341 1184 et
353 1135 481 1195 recitata,
499 1135 567 1185 tunc
587 1135 701 1198 quidem
713 1134 748 1186 ad
760 1135 875 1201 singula
886 1138 1058 1200 respondere
1076 1152 1132 1188 non
1150 1138 1240 1202 potui,
1259 1138 1328 1203 quia
1339 1152 1418 1190 more

195 1217 269 1267 rasis
281 1218 432 1281 angustum
449 1215 580 1267 habentis
596 1217 754 1278 introitum,
774 1218 924 1268 infusionis
941 1219 1106 1270 assiduitate
1124 1218 1208 1270 simul
1225 1221 1255 1271 et
1272 1220 1418 1272 nimietate

195 1300 355 1364 obpressus,
367 1299 465 1363 paucis
477 1300 605 1363 retentis,
618 1299 749 1364 plurimis
761 1299 874 1365 elapsis,
888 1300 923 1351 ad
936 1301 1009 1365 quod
1022 1302 1200 1365 potissimum
1217 1302 1418 1367 responderem

194 1383 223 1432 in
235 1382 368 1446 promptu
380 1395 436 1431 non
448 1381 543 1433 habui.
558 1383 595 1434 At
605 1382 720 1433 domum
734 1396 864 1434 reversus
882 1383 1011 1449 dispersa
1028 1396 1139 1449 queque
1157 1385 1219 1450 cepi
1235 1383 1417 1451 recolligere,

194 1468 224 1517 et
234 1466 292 1529 jam
304 1465 340 1516 ad
351 1464 465 1531 singula
476 1465 592 1530 paratus
604 1466 686 1516 venio
700 1466 882 1531 respondere.
1058 1473 1062 1482 '

226 1547 296 1598 Erat
316 1547 405 1613 igitur
423 1548 607 1612 imprimam,
629 1549 660 1597 ut
680 1548 785 1608 recolo,
801 1550 875 1612 quod
895 1549 931 1600 de
948 1548 1095 1600 humiliori
1112 1548 1196 1616 plebe
1213 1551 1242 1602 et
1253 1549 1374 1615 stolidis,
1387 1552 1417 1602 ut

194 1630 307 1691 dicitur,
319 1631 485 1694 parentibus
497 1631 579 1680 natus
592 1643 693 1699 essem.
706 1630 780 1682 Ecce
793 1645 877 1695 quam
889 1631 1068 1694 rationabile,
1086 1646 1153 1684 ecce
1165 1646 1250 1693 quam
1267 1632 1415 1685 honestum

194 1713 362 1764 invectionis
382 1712 573 1777 principium!
592 1713 667 1764 unde
685 1714 786 1764 merito
804 1727 821 1764 a
838 1714 1013 1778 sapientibus
1034 1715 1140 1767 dictata
1155 1716 1184 1767 et
1206 1716 1303 1767 cetera
1323 1716 1416 1767 omnis

193 1795 281 1860 digna
298 1796 353 1847 tide
371 1795 516 1846 continere
529 1795 615 1860 digne
628 1795 665 1845 sit
685 1795 834 1847 credenda.
854 1797 956 1847 Annon
973 1810 1008 1848 ex
1025 1811 1082 1848 uno
1096 1796 1210 1849 homine
1222 1798 1414 1851 universitatis

193 1879 323 1928 conditor
344 1878 419 1930 Deus
442 1891 525 1929 omne
543 1877 690 1928 hominum
702 1891 792 1943 genus
813 1877 973 1931 inhabitare
997 1879 1067 1930 lecit
1086 1892 1172 1944 super
1194 1880 1297 1932 taciem
1315 1882 1412 1933 terret

194 1961 335 2025 Numquid
349 1975 404 2012 non
417 1960 507 2012 David
518 1974 619 2026 regum
636 1958 725 2011 Israel
738 1958 960 2025 gloriosissimus
972 1960 1125 2026 opilionem
1142 1974 1173 2013 se
1193 1963 1282 2014 luisse
1293 1963 1412 2015 testatam

192 2043 306 2095 dicens:
329 2064 341 2085 u
352 2043 448 2109 Elegit
469 2043 558 2095 David
576 2056 688 2093 servum
706 2056 787 2093 suum
805 2043 833 2093 et
851 2042 964 2093 sustulit
984 2056 1049 2095 eum
1066 2044 1102 2094 de
1120 2043 1257 2110 gregibus
1276 2045 1410 2097 ovium!-

192 2127 260 2187 Quis
273 2139 385 2190 quoque
396 2140 520 2190 unquam
532 2126 691 2190 sapientum
702 2138 852 2190 personam
862 2125 1018 2188 quamlibet
1030 2139 1143 2178 mensus
1152 2127 1195 2178 est
1206 2139 1241 2176 ex
1251 2127 1413 2192 parentela!

192 2210 234 2261 Ne
247 2207 398 2274 gentilium
418 2207 580 2272 philosophi
597 2208 720 2272 quidem.
743 2208 798 2259 Sed
821 2209 929 2272 etipsa
949 2208 1062 2260 Veritas
1084 2207 1256 2260 incarnando
1273 2209 1412 2275 virginem

190 2291 304 2356 quidem
316 2293 445 2351 matrem,
464 2290 538 2354 quod
551 2303 632 2341 nemo
651 2304 668 2341 a
685 2292 787 2341 natura
798 2304 854 2341 non
872 2289 968 2353 habet,
987 2291 1035 2342 sed
1054 2304 1110 2342 non
1127 2290 1258 2356 reginam
1270 2292 1320 2343 aut
1337 2290 1413 2356 regis

190 2373 288 2435 tiliam,
307 2387 363 2424 non
382 2374 542 2438 principum
554 2372 638 2437 hujus
656 2373 720 2425 solii
736 2374 767 2438 (t)
790 2374 906 2426 affinem
922 2374 1080 2439 prudenter
1103 2374 1226 2440 elegisse
1246 2373 1356 2442 legitur
1366 2374 1413 2426 aut

188 2456 322 2515 creditur,
337 2454 421 2520 hujus
438 2455 571 2507 vanitatis
583 2457 738 2506 sectatores
750 2458 825 2507 iacto
843 2456 898 2508 hoc
914 2457 1006 2522 primo
1031 2458 1190 2509 contutans.
1209 2456 1316 2510 Postea
1334 2469 1412 2523 apos·

188 2537 311 2590 telorum
332 2536 480 2589 electione.
504 2537 622 2588 vocavit
644 2539 720 2588 enim
742 2538 777 2590 ad
797 2539 975 2590 consortium
996 2539 1199 2604 predicationis
1219 2552 1275 2590 non
1297 2538 1410 2602 divites,

190 2622 308 2673 Petrum
327 2621 356 2671 et
379 2620 520 2672 Andream
542 2621 706 2685 piscatores,
726 2620 864 2672 iacobum
882 2622 912 2672 et
930 2620 1092 2673 iohannem
1112 2621 1296 2673 consobrinos
1313 2621 1411 2686 utique

189 2718 264 2764 suos,
277 2702 361 2754 simul
373 2705 403 2754 et
418 2704 581 2768 piscatores.
596 2702 677 2753 Unde
690 2707 719 2754 et
731 2702 857 2754 aludeis
875 2703 1079 2770 desipientibus
1091 2703 1282 2769 calumpniam
1293 2704 1413 2770 suscipit

187 2787 245 2836 tam
258 2786 293 2837 de
305 2799 412 2851 genere
424 2798 507 2849 quam
519 2785 554 2836 de
563 2785 757 2848 predicatione
770 2800 776 2835 :
792 2806 804 2827 a
816 2786 916 2838 Nonne
928 2786 975 2837 hic
984 2788 1036 2850 est,
1051 2807 1063 2828 u
1072 2787 1213 2851 inquiunt,
1222 2809 1234 2830 n
1244 2787 1328 2838 taber
1336 2785 1412 2838 filius

186 2868 262 2919 labri
274 2872 284 2920 i
294 2891 307 2912 n
320 2868 358 2919 Et
371 2868 456 2918 item:
472 2887 484 2908 κ
495 2868 639 2932 Numquid
648 2867 751 2931 aliquis
767 2881 803 2919 ex
814 2869 990 2932 principibus
1002 2871 1050 2921 aut
1062 2882 1098 2920 ex
1110 2868 1256 2920 Phariseis
1274 2868 1366 2920 credit
1382 2869 1413 2920 in

186 2963 252 3001 eum
257 2953 281 3001 i»
292 2949 404 2999 Gratias
413 2947 465 3009 illi,
473 2947 540 3012 quia
548 2963 631 3013 quem
641 2949 773 3014 dignatus
782 2952 824 3000 est
832 2950 892 3015 ipse
902 2950 930 3001 in
940 2951 1025 3001 terris
1035 2950 1141 3002 habere
1151 2950 1332 3013 nutritorem,
1340 2950 1413 3002 mihi

188 3034 306 3098 indigno
319 3045 400 3082 servo
412 3045 462 3081 suo
475 3032 614 3083 concessit
630 3031 736 3083 habere
751 3032 919 3098 genitorem,
938 3031 967 3081 id
980 3034 1023 3082 est
1034 3033 1156 3095 labrum,
1166 3034 1196 3085 et
1207 3033 1281 3097 quod
1292 3033 1414 3099 pertulit

189 3116 249 3181 ipse
261 3114 490 3181 exprobrationis
502 3127 552 3165 sue
568 3114 603 3165 de
616 3115 730 3179 generis
747 3113 907 3165 bumilitate
920 3115 949 3165 et
961 3114 1163 3178 predicationis
1174 3128 1225 3167 sue
1236 3116 1412 3181 receptione,

188 3200 217 3249 et
229 3197 299 3248 mibi
312 3199 454 3250 immerito
466 3197 581 3248 donavit
592 3196 700 3247 audire.
714 3195 928 3260 improperatur
938 3197 1015 3248 enim
1032 3197 1112 3259 mibi,
1131 3198 1205 3261 quod
1216 3199 1251 3250 de
1263 3197 1413 3252 humiliori

187 3279 270 3347 plebe
284 3279 420 3331 oriundus
433 3280 495 3340 sim,
510 3279 583 3343 quod
606 3278 829 3342 predicationem
849 3292 942 3330 meam
954 3280 1080 3330 textores
1100 3280 1129 3330 et
1153 3278 1290 3344 pellifices
1307 3282 1338 3333 et
1354 3295 1413 3333 non

188 3363 292 3428 aliquis
304 3377 339 3414 ex
351 3363 526 3428 principibus
536 3362 686 3427 receperit.
696 3363 775 3426 quasi
785 3364 861 3413 artes
871 3361 1002 3414 humanis
1010 3362 1107 3414 usibus
1119 3363 1279 3416 necessarie
1288 3364 1319 3416 in
1328 3363 1415 3430 culpa

186 3447 252 3507 sint,
269 3459 324 3496 non
337 3447 461 3510 peccata.
475 3445 556 3498 Unde
568 3444 638 3495 mihi
655 3443 728 3495 illud
740 3444 892 3496 Psalmiste
904 3443 1082 3509 aliquatenus
1094 3459 1252 3512 congruere
1263 3446 1392 3499 arbitror
1404 3463 1412 3498 s

188 3548 201 3571 a
214 3527 393 3592 improperia
404 3529 636 3593 exprobrantium
648 3527 701 3578 tibi
714 3527 879 3578 ceciderunt
889 3541 975 3594 super
985 3541 1039 3579 me.
1051 3551 1064 3572 n
1078 3528 1148 3579 Dico
1159 3541 1230 3593 ergo
1243 3541 1250 3579 :
1265 3526 1327 3580 Nisi
1344 3532 1415 3596 quia

187 3610 324 3662 Dominus
336 3613 399 3662 erat
410 3611 439 3662 in
450 3611 541 3672 nobis,
552 3610 604 3662 hec
615 3610 716 3662 eadem
727 3610 757 3661 in
770 3623 800 3660 se
812 3611 1056 3674 permonstrando,
1069 3612 1189 3662 forsitan
1202 3612 1314 3662 torreas
1325 3610 1415 3677 hujus

186 3692 326 3744 sententie
338 3693 529 3745 absorbuisset
541 3707 601 3745 nos.

220 3775 256 3826 Et
268 3774 378 3825 stolidis
390 3776 530 3839 inquiunt,
543 3776 575 3826 ut
586 3776 699 3836 dicitur,
717 3774 891 3840 parentibus.
910 3775 947 3826 Et
958 3789 1044 3840 super
1055 3775 1109 3827 hec
1129 3777 1294 3829 benedicam
1311 3777 1415 3831 Domi·

187 3857 295 3908 numin
308 3858 534 3924 omnitempore,
553 3858 627 3921 quod
645 3872 737 3923 neque
754 3859 844 3909 scitur
854 3872 946 3923 neque
963 3859 1069 3910 dicitur
1085 3859 1193 3912 mechis
1205 3852 1249 3913 rel
1261 3859 1414 3924 adulteris,

186 3940 289 3992 invidis
301 3942 350 3993 aut
367 3942 524 4005 rapacibus,
535 3940 684 3993 homicidis
696 3943 746 3991 aut
758 3942 878 3992 iuribus.
890 3941 1044 3993 Deridetur
1061 3942 1146 4003 enim,
1160 3945 1191 3994 ut
1208 3943 1249 3994 ait
1258 3941 1326 4003 lob,
1341 3943 1415 4008 justi

185 4023 351 4088 simplicitas
363 4024 489 4087 insuper,
502 4024 534 4074 ut
545 4023 639 4084 audio,
658 4025 687 4075 et
703 4023 845 4076 stoliditas
863 4025 1042 4089 nuncupatur
1058 4023 1167 4090 lampas
1183 4026 1318 4077 contenta
1336 4028 1416 4091 spud

183 4107 371 4172 cogitationes
389 4106 517 4157 divitum.
535 4104 607 4156 Veni
628 4107 656 4156 et
679 4107 720 4168 tu,
743 4119 792 4158 vas
814 4104 946 4167 electum,
973 4106 1073 4157 doctor
1096 4106 1225 4172 gentium
1246 4106 1277 4159 in
1300 4108 1360 4162 tide
1382 4113 1414 4163 et

183 4189 313 4255 veritate,
341 4188 387 4242 dic
414 4187 522 4258 aliquid
547 4187 652 4255 divine,
676 4202 732 4244 nou
755 4188 879 4245 humane
904 4189 1065 4255 sententie,
1083 4189 1138 4252 dic,
1168 4202 1274 4258 quaeso
1298 4190 1413 4264 aliquid
