3188 5340
183 528 232 581 154
662 521 767 578 ANNO
785 519 927 575 mulsos

217 695 302 757 Item,
317 691 342 745 si
359 691 456 757 aliqua
471 690 645 744 contrarium
662 690 770 743 faceret
789 689 818 742 11
837 687 946 742 Martha
957 688 988 740 in
1009 686 1172 741 huiusmodi
1192 698 1250 739 non
1269 683 1431 754 obedisse,

185 775 454 844 incapituloccram
466 774 596 827 omnibus
616 772 680 826 aliis
699 771 845 825 sororibus
863 770 1083 838 reprehenditur
1099 770 1137 833 et,
1156 766 1356 832 nisidesistat‚
1401 768 1425 824 11

185 861 268 913 domo
281 873 317 913 ex
337 858 444 911 ellitur.

217 938 300 999 Item,
317 874 407 1003 lquirin
430 935 596 989 licentietur
614 936 657 988 ire
674 934 710 986 sd
729 933 945 1003 confessionem,
963 933 1108 986 interdum
1127 928 1243 984 Martha
1258 927 1408 992 audiverit,

186 1021 254 1074 tunc
271 1021 407 1073 informat
418 1032 466 1072 111
478 1018 602 1085 qualiter
613 1017 667 1070 hoc
678 1017 819 1070 sacerdoti
831 1016 960 1069 confiteri
972 1015 1094 1069 debeant
1104 1016 1135 1068 et
1146 1028 1203 1067 non
1214 1011 1309 1066 aliter.

218 1103 293 1156 Item
304 1104 334 1155 in
356 1103 431 1154 bons
448 1102 521 1154 feria
538 1102 638 1166 quinte
657 1100 804 1153 celebrant
825 1113 924 1152 cenam
941 1101 970 1152 11
988 1098 1120 1152 lavantur
1138 1097 1226 1164 pedes
1245 1106 1396 1148 sororums

186 1186 301 1239 Martha
318 1187 348 1237 et
360 1198 442 1237 soror
453 1185 489 1237 ad
509 1184 563 1236 hoc
582 1184 717 1250 deputata
733 1183 806 1250 legit
822 1194 983 1235 sermonem
1003 1181 1175 1235 dominicam
1193 1180 1224 1232 in
1244 1174 1391 1246 vulgarisf

184 1269 300 1321 modum
317 1267 527 1335 religiosorum.

218 1352 291 1404 Item
320 1365 407 1417 quum
428 1349 525 1414 aliqua
549 1363 631 1402 soror
649 1349 710 1402 vult
731 1352 813 1402 extra
838 1350 949 1415 tempus
965 1361 1114 1401 commune
1131 1345 1263 1400 confiteri
1280 1343 1388 1397 omnibus

185 1434 369 1486 sororibusin
382 1431 520 1501 generali,
534 1434 603 1486 tunc
620 1446 748 1485 omnes...
760 1436 791 1485 ut
808 1432 1031 1499 preconfiteatur
1041 1431 1154 1486 Martha
1163 1431 1193 1484 et
1202 1430 1260 1482 due
1270 1428 1306 1481 de
1317 1426 1388 1481 sanie

184 1517 264 1570 ribus
281 1517 381 1568 domus
388 1518 505 1568 monent
517 1529 580 1568 eam
590 1516 835 1579 adconfitendum,
845 1517 936 1569 eciam
946 1517 1056 1570 siesset
1066 1512 1261 1567 homicidium.
1362 1523 1365 1528 ’

218 1598 291 1651 Item
304 1613 361 1651 una
372 1600 452 1652 stetit
463 1599 493 1651 11
502 1599 728 1666 congregatione
740 1612 839 1651 earum
851 1600 880 1650 in
898 1600 981 1652 Rene
990 1600 1019 1652 et
1030 1599 1086 1652 ista
1093 1597 1129 1651 de
1138 1611 1225 1650 causa
1240 1591 1355 1648 recessit
1366 1587 1391 1640 sl

185 1682 236 1734 eis.
250 1681 323 1733 Nam
334 1696 399 1733 cum
408 1682 495 1734 semel
505 1682 698 1748 anglaretura
710 1681 825 1734 Martha
834 1684 863 1734 et
875 1683 940 1735 aliis
951 1682 988 1735 ad
1004 1680 1248 1747 preconfltendum
1258 1679 1394 1734 Martheet

184 1765 226 1818 ita
240 1765 364 1827 fecisset,
381 1765 493 1817 invenit
507 1766 607 1830 postea
624 1764 700 1830 quod
719 1764 780 1827 illa,
794 1778 848 1829 que
861 1766 912 1817 sub
925 1765 1035 1817 secreto
1047 1763 1235 1816 confessionis
1246 1761 1292 1815 illi
1303 1762 1394 1816 revela·

184 1849 235 1911 vit,
255 1848 321 1901 aliis
332 1847 479 1899 sororibus
498 1846 527 1898 in
540 1845 655 1912 publica
672 1860 771 1900 mensa
791 1847 873 1900 dixit.
892 1848 929 1900 Et
945 1859 1027 1900 casus
1043 1845 1088 1898 illi
1096 1846 1152 1898 fuit
1167 1845 1210 1898 111
1221 1844 1396 1913 3111111111

185 1931 306 1998 simplex
324 1930 460 1983 sacerdos
477 1943 535 1981 non
553 1930 648 1995 potuit
666 1942 730 1983 eam
750 1929 908 1993 absolvere,
928 1930 973 1982 set
993 1930 1050 1982 fuit
1065 1929 1185 1982 remissa
1204 1927 1242 1982 ad
1260 1927 1397 1982 habentem

184 2013 386 2067 auctoritatem
395 2013 542 2065 dioecesis.

218 2096 292 2150 Item
309 2110 373 2149 cum
390 2097 506 2148 curatus
526 2097 556 2148 in
578 2097 660 2149 Rene
687 2096 877 2150 intellexisset
893 2098 928 2150 de
947 2095 1108 2149 huiusmodi
1127 2092 1398 2161 prcconfessioneet

188 2178 319 2232 llartben
342 2180 377 2230 de
394 2177 449 2230 hoc
466 2179 663 2246 redargueret,
676 2181 823 2246 respondit
842 2179 965 2242 Martha,
986 2179 1061 2244 quod
1079 2177 1198 2246 propter
1216 2176 1273 2231 hoc
1291 2178 1396 2239 faceret

187 2261 263 2327 quod
274 2274 387 2313 sorores
398 2263 494 2313 essent
511 2261 627 2314 iuvenes
645 2263 674 2314 et
685 2262 720 2315 de
731 2262 811 2315 facili
822 2264 938 2329 possent
954 2263 1105 2328 concipere
1113 2259 1260 2314 carnalem
1276 2261 1398 2314 assem

186 2344 222 2396 ad
231 2346 407 2396 confessores
416 2345 494 2396 etsie
505 2345 598 2410 magis
609 2345 652 2398 ire
662 2345 698 2397 ed
709 2346 903 2399 confitendum
911 2358 947 2398 ex
958 2345 1075 2398 levitate
1087 2357 1173 2410 quam
1184 2357 1220 2397 ex
1229 2343 1397 2405 1111111111,

184 2440 249 2478 cum
260 2425 368 2479 vellent
378 2427 462 2488 scire,
474 2427 499 2478 si
511 2425 595 2491 culpa
613 2431 689 2480 esset
701 2429 777 2492 talis,
796 2442 881 2494 quam
898 2430 982 2482 esset.

216 2511 290 2564 Item
300 2512 487 2579 Interrogatis
499 2513 534 2565 ab
543 2512 695 2577 aliquibus,
706 2525 742 2564 an
754 2511 880 2576 aliquam
892 2512 1022 2565 fecerent
1031 2509 1250 2577 professionem,
1259 2510 1399 2577 responde

184 2597 252 2646 runt
271 2595 346 2660 quod
364 2595 507 2647 nescirent
519 2595 554 2647 de
572 2594 757 2661 professione,
776 2596 820 2646 set
840 2594 982 2660 cumipse
1004 2595 1125 2646 fuissent
1144 2606 1196 2658 per
1218 2607 1347 2647 mensem
1363 2589 1399 2645 vel

185 2678 262 2731 circa
272 2679 302 2730 in
312 2679 406 2744 domo,
418 2680 486 2730 tunc
496 2679 593 2731 senior
604 2692 687 2730 soror
697 2679 726 2730 et
737 2678 881 2744 potentior
889 2679 953 2743 post
966 2676 1107 2729 Martham
1116 2676 1189 2728 dixit
1206 2677 1260 2738 eis,
1277 2675 1400 2742 quonian

186 2762 401 2826 deliberassent,
410 2775 447 2812 an
458 2761 566 2813 vellent
577 2775 643 2813 cum
655 2762 697 2812 eis
709 2773 834 2823 manere,
853 2762 882 2813 et
892 2773 1028 2826 responso
1044 2773 1097 2826 per
1108 2759 1176 2812 istas
1189 2759 1265 2825 quod
1277 2761 1328 2823 111,
1339 2757 1401 2810 dixit

186 2844 254 2897 illa:
275 2864 286 2892 ι
301 2844 330 2896 Si
340 2844 425 2896 vultis
435 2845 583 2896 nobiscum
595 2856 719 2906 manere,
730 2844 873 2910 oportebit
883 2858 940 2895 vos.
951 2843 1144 2895 ordinationes
1152 2842 1254 2894 domus
1270 2856 1337 2895 cum
1346 2840 1400 2896 aliis

186 2926 332 2979 sororibus
343 2926 526 2979 uniformiter
539 2926 690 2978 observare
701 2942 733 2989 »ς
751 2925 781 2976 11
796 2925 945 2991 proposuit
961 2924 1003 2976 eis
1020 2924 1178 2990 punctatim
1189 2936 1289 2976 omnes
1305 2924 1400 2976 111111·

187 3007 231 3060 111
248 3009 437 3074 supradictos,
456 3011 486 3061 et
505 3010 560 3060 1111
577 3008 716 3060 dixissent
735 3008 811 3072 quod
830 3007 954 3060 libenter
974 3006 1102 3072 vellent3
1119 3008 1188 3059 tunc
1203 3005 1400 3072 prohibuiteus

187 3091 261 3156 quod
279 3090 332 3143 ulli
344 3105 469 3156 unquam
485 3092 555 3143 istas
574 3091 767 3144 ordinationes
784 3090 955 3152 revelarent,
976 3090 1032 3140 nisi
1049 3090 1124 3141 esset
1139 3087 1176 3141 da
1194 3088 1281 3142 domo
1299 3087 1400 3142 velulis

188 3174 302 3225 domino
314 3171 508 3226 werimboldo
521 3174 649 3226 subiecta
659 3186 712 3224 nec
723 3173 812 3224 etiam
821 3171 978 3224 confessori
990 3186 1059 3235 sno;
1073 3172 1101 3224 et
1118 3184 1184 3223 cum
1199 3185 1259 3224 una
1272 3171 1398 3223 dixisset:

188 3275 199 3301 ι
214 3255 244 3307 si
252 3255 309 3307 ista
317 3260 383 3310 sunt
392 3256 433 3309 ita
445 3258 519 3308 bona
530 3256 604 3308 sicut
614 3256 719 3321 dicitis,
728 3255 803 3321 quod
815 3255 853 3307 111
864 3255 986 3306 similior
996 3256 1055 3306 vita
1066 3255 1122 3306 rite
1135 3253 1242 3306 Christi
1253 3255 1284 3307 et
1299 3254 1399 3321 aposto·

187 3337 281 3389 lorum
292 3352 377 3402 quam
394 3340 445 3401 sic,
466 3353 555 3403 quare
566 3341 635 3391 tunc
647 3352 702 3389 non
723 3339 839 3403 possent
855 3338 911 3389 dici
931 3337 1086 3390 clericisto
1104 3337 1254 3403 respondit
1269 3335 1322 3390 illa
1336 3332 1398 3401 quod

188 3420 272 3473 multi
283 3423 350 3473 sunt
358 3423 425 3474 boni
434 3422 552 3489 literati,
570 3422 614 3474 set
631 3435 687 3473 non
699 3419 806 3473 habent
827 3435 957 3486 saporem
974 3421 1189 3486 scripturarum,
1206 3422 1326 3487 propter
1340 3418 1398 3471 nse

189 3517 246 3555 non
256 3503 370 3556 videtur
379 3505 421 3558 eis
439 3505 479 3556 ita
491 3506 596 3558 bonum
609 3503 684 3556 sicut
700 3504 753 3555 est.
771 3502 809 3555 Et
824 3503 866 3554 sic
881 3502 994 3565 melius,
1013 3504 1089 3554 esset
1100 3501 1175 3568 quod
1187 3516 1244 3554 non
1255 3502 1367 3555 seirent

221 3583 303 3648 Item,
316 3600 381 3639 cum
399 3586 454 3639 due
466 3601 501 3640 ex
520 3588 728 3652 antiquioribus
749 3587 894 3640 sororibus
911 3588 1089 3640 recesserant
1105 3600 1122 3639 a
1138 3586 1361 3653 congregatione
1376 3582 1398 3634 in

188 3667 270 3721 Rene
278 3671 397 3734 propter
407 3671 638 3725 informationem
649 3673 755 3738 prioris
763 3671 971 3724 carthusiensis
982 3670 1217 3734 arremarensis,
1231 3669 1282 3734 qui
1290 3666 1398 3721 dixIteif

188 3752 382 3804 observantias
401 3754 544 3819 predictas
565 3768 630 3807 cum
649 3755 763 3807 statutis
781 3753 903 3806 ecclesie
925 3752 1088 3806 nullatenus
1104 3765 1187 3818 posse
1199 3753 1287 3816 stare,
1305 3752 1334 3804 et
1348 3760 1398 3817 pre

188 3833 264 3886 dicte
272 3834 327 3886 due
340 3849 453 3889 sorores
462 3837 554 3890 adhuc
566 3838 596 3889 in
608 3838 831 3904 congregatione
840 3837 1004 3898 existentes,
1022 3849 1084 3888 eum
1093 3834 1181 3887 semel
1193 3833 1400 3888 rrnecticms

190 3916 391 3971 informandis
407 3919 579 3986 iurisperitis
599 3921 719 3972 inissent
733 3922 762 3971 et
779 3932 876 3972 secum
887 3918 1082 3971 observantias
1098 3916 1242 3984 predictas
1253 3912 1401 3984 portassent

188 4000 354 4066 inscriptis,
373 4003 403 4053 et
418 4000 473 4055 hoc
493 4003 623 4055 dominus
634 4002 846 4055 werimboldus
862 4002 1022 4069 percipiens
1034 4001 1150 4053 interim
1166 3999 1248 4052 misit
1257 3999 1401 4065 Alheydeu

190 4083 291 4136 Cluten
303 4083 443 4137 Martham
460 4085 495 4137 de
507 4085 640 4138 Treiecto
658 4099 748 4150 usque
765 4085 886 4147 Renem,
899 4097 955 4149 que
966 4085 1102 4136 animavit
1112 4082 1184 4136 alias
1201 4097 1317 4137 sorores
1328 4097 1360 4137 11
1369 4082 1402 4135 eit

189 4169 343 4231 consuluit,
369 4171 401 4220 ut
417 4169 512 4235 potius
532 4171 641 4222 starent
660 4170 690 4221 in
713 4170 800 4222 verbo
816 4170 885 4221 dicti
902 4167 1091 4221 werimboldi
1111 4181 1197 4232 qnam
1220 4167 1404 4233 cuiuscunque

189 4251 308 4305 alterius
326 4254 436 4304 etcum
455 4251 662 4305 deliberassent
681 4253 796 4304 omnino
815 4251 889 4304 velle
913 4265 1019 4319 negare
1041 4252 1080 4312 et,
1100 4251 1124 4302 si
1148 4265 1220 4317 opus
1242 4251 1328 4316 esset,
1349 4260 1405 4303 eun

189 4336 361 4400 iuramento,
373 4337 448 4401 quod
460 4335 532 4388 tales
542 4336 736 4389 ordinationes
750 4350 800 4388 seu
812 4335 1019 4402 prohibitiones
1031 4334 1061 4385 in
1072 4335 1156 4385 domo
1174 4348 1231 4386 non
1249 4332 1369 4388 11111111
1381 4332 1408 4386 et

191 4419 232 4470 sic
244 4419 397 4471 evaderent
406 4419 599 4471 turbationem
608 4435 616 4484 3
626 4420 656 4471 et
667 4433 732 4472 cum
740 4419 832 4472 dictus
843 4416 1055 4471 werimboldus
1063 4416 1118 4469 hoc
1126 4416 1316 4482 intelexisset,
1324 4415 1406 4470 dixit:

191 4521 202 4549 ι
214 4501 244 4554 Si
252 4501 404 4565 iurassent,
416 4502 452 4555 de
461 4501 539 4554 facili
551 4515 667 4555 manum
681 4500 740 4554 illis
752 4515 838 4569 super
847 4503 932 4567 caput
943 4500 1185 4567 interposuissem.
1198 4518 1209 4546 ι

221 4584 295 4637 Item
306 4583 438 4637 dominus
462 4583 673 4640 werimboldus
693 4585 763 4638 dicit
783 4587 812 4638 et
831 4585 911 4638 tenet
929 4597 978 4639 eas
996 4597 1049 4652 pro
1066 4583 1213 4652 apostatis,
1237 4584 1409 4653 quocontra

190 4667 366 4723 voluntatem
382 4667 471 4735 ipsius
488 4682 506 4723 a
521 4668 792 4739 congregationibus
809 4668 953 4724 recedunt
