3188 5340
717 499 822 552 ANNO
834 498 906 552 '1418
1374 499 1425 552 215

189 667 320 733 quilibet
335 666 418 734 petijt
434 667 464 720 et
484 664 646 730 requisiuit,
664 677 717 730 per
733 664 862 716 dominos
879 662 954 715 sedis
971 663 1126 729 apostolice
1142 663 1374 730 prothonotarios
1390 678 1424 718 ac

191 751 323 802 notarim
333 749 473 815 publicos,
487 750 522 801 ad
534 747 770 800 conscribendum
781 747 844 798 acta
856 746 925 797 dieti
945 746 1056 811 concillj
1070 748 1218 812 deputatos
1227 750 1256 799 et
1268 749 1422 812 ordinatos,

192 836 223 886 et
241 832 315 884 alios
333 832 439 884 ibidem
456 832 606 897 presentes
624 831 768 881 eteorum
786 828 942 892 quemlibet
961 830 1024 881 deri
1037 831 1066 881 et
1077 830 1178 880 confici
1196 843 1281 881 snum
1295 832 1325 880 et
1340 828 1425 895 plura

194 913 343 979 publicum
360 916 389 966 et
406 913 533 979 publica,
550 926 584 966 ac
601 914 643 964 tot
655 916 723 977 quot
736 912 877 962 sufficient
895 913 1115 964 instrumentum
1132 915 1161 964 et
1178 912 1375 974 instrumenta,
1388 912 1423 965 ad

197 999 365 1062 perpetuam
392 997 436 1048 rei
465 997 644 1060 memoriam,
670 996 850 1061 presentibus
879 996 1118 1047 reuerendissimo
1146 994 1368 1059 reuerendisque
1393 995 1423 1047 in

196 1078 310 1131 cbristo
318 1078 448 1144 patribus
458 1078 581 1130 dominis
592 1077 732 1139 iohanne,
740 1078 903 1144 patriarcha
912 1076 1121 1138 anthiocheno,
1132 1078 1218 1129 Petro
1227 1077 1423 1139 Aninionensi,

195 1160 286 1214 Aiane
308 1162 458 1224 leonensi,
479 1162 611 1215 iohanne
633 1162 782 1225 Vaurensi,
806 1161 900 1214 Vitale
924 1160 1097 1213 Tholonensi
1121 1160 1269 1225 episcopis,
1292 1158 1425 1212 iohanne

194 1244 297 1296 abbate
320 1245 488 1297 monasterii
511 1247 602 1297 sancti
626 1245 842 1311 wandregisilii
869 1244 1109 1309 Rothomagensis
1132 1242 1262 1304 diocesis,
1285 1243 1423 1308 magistro

193 1325 360 1379 (duillielmo
389 1321 615 1393 Pulcrinepotis,
643 1326 817 1380 serenissimi
841 1341 873 1379 ac
901 1325 1130 1378 christianissimi
1155 1325 1292 1391 principis
1316 1325 1423 1376 domini

193 1409 285 1460 nostri
303 1411 381 1475 regis
399 1409 576 1461 Francorum
594 1409 836 1462 ambasiatoribus
853 1411 882 1461 et
899 1409 1018 1472 nunciis,
1038 1409 1125 1460 Petro
1143 1408 1178 1459 de
1195 1409 1275 1460 Bene
1294 1406 1422 1474 generali

190 1492 314 1542 nstrum
330 1492 596 1557 augustinensium,
616 1493 743 1545 (ierardo
760 1492 874 1543 Faideri
891 1491 1080 1553 decretorum,
1092 1490 1223 1543 iohanne
1235 1491 1271 1542 de
1281 1489 1382 1542 Rocha
1392 1490 1422 1541 in

189 1575 342 1644 theologia
362 1578 521 1639 doctorum,
542 1577 651 1629 Jacobo
674 1577 807 1641 Despars,
834 1576 863 1626 in
887 1575 996 1626 artibus
1016 1577 1045 1626 et
1065 1574 1212 1627 medecina
1229 1575 1376 1641 magistro,
1395 1576 1425 1626 et

188 1658 326 1711 lohanne
342 1659 378 1712 de
395 1659 533 1725 Templis,
552 1661 690 1726 magistro
703 1659 732 1709 in
746 1658 855 1709 artibus
873 1661 901 1709 et
919 1656 1073 1709 bucellario
1092 1658 1121 1709 in
1139 1657 1294 1723 theologia,
1313 1670 1423 1709 necnon

189 1743 330 1808 egregija
349 1742 523 1804 scientifieis,
542 1741 746 1808 spectabilibus
758 1741 930 1804 famosisque
947 1741 1025 1802 viris,
1042 1741 1186 1807 magistris
1204 1742 1234 1792 et
1250 1740 1423 1807 doctoribus,

188 1823 715 1890 licentiatisacbacallarijs,aceciam
724 1823 926 1875 nonnullorum
936 1823 1227 1888 regum,principum‚
1237 1821 1422 1888 prelatorum,

188 1907 307 1970 ducum,
324 1908 469 1970 comitum,
498 1908 745 1970 communitatum,
774 1907 1003 1970 vniuersitatum,
1025 1905 1193 1967 studiorum,
1223 1906 1423 1970 capitulorum,

186 1990 384 2042 concentuum
404 1996 433 2043 et
449 1991 637 2055 quorumdam
662 1989 785 2041 aliorum
805 1989 965 2041 absentium
988 1989 1239 2052 ambasiatoribus,
1258 1990 1367 2054 nunciis
1394 1991 1424 2040 et

186 2073 427 2139 procuratoribus
456 2073 578 2138 alijsque
600 2071 774 2125 notabilibus
798 2075 827 2123 et
856 2072 1068 2137 circumspectis
1094 2072 1162 2123 viris
1186 2073 1215 2122 in
1241 2071 1423 2123 multitudine

188 2168 318 2219 copiosa.

222 2236 262 2288 Et
284 2236 388 2288 deinde
411 2237 473 2289 sine
496 2237 594 2302 aliquo
616 2237 753 2301 temporis
773 2236 926 2288 interuallo
948 2237 1052 2302 prelati
1073 2235 1186 2288 meruli
1205 2238 1322 2289 luerunt
1341 2239 1424 2290 extra

186 2315 344 2370 ecclesiam
355 2317 512 2381 predictam
529 2318 606 2370 etad
624 2316 749 2384 plateam
761 2319 857 2382 palatii
877 2319 956 2369 iuxta
968 2318 1088 2371 eandem
1099 2316 1249 2370 ecclesiam
1260 2319 1375 2383 portati,
1394 2319 1424 2369 vt

186 2400 437 2462 comburerentur,
458 2403 545 2465 prout
567 2414 621 2466 per
644 2402 775 2452 tenorem
797 2401 872 2452 dicte
896 2402 1037 2453 sententie
1060 2402 1124 2453 deri
1147 2401 1343 2454 mandabatur.
1369 2401 1422 2463 Qui

184 2483 307 2548 quidem
319 2481 432 2534 articuli
444 2483 474 2533 in
486 2497 590 2549 magno
605 2483 750 2549 lignorum
770 2497 873 2534 acerno
893 2483 960 2549 igne
972 2497 1106 2535 succenso
1125 2486 1241 2536 luerunt
1257 2484 1377 2549 proiecti
1395 2485 1424 2535 et

182 2565 349 2629 combusti;
362 2564 398 2616 ad
410 2578 533 2629 quorum
544 2565 770 2616 combustionem
783 2577 887 2630 magna
896 2565 995 2629 populi
1008 2564 1160 2616 multitudo
1172 2566 1315 2617 conuenit.

220 2649 265 2702 De
286 2648 389 2713 quibus
411 2648 599 2701 articulorum
624 2649 821 2700 combustione
841 2652 871 2700 et
894 2649 1025 2700 omnibns
1045 2648 1109 2713 alijs
1128 2650 1299 2715 supradictis
1318 2650 1423 2716 prelati

179 2730 337 2784 dohannes
348 2730 383 2782 de
394 2730 536 2783 Wastinia
553 2733 582 2784 et
602 2731 747 2783 lohannes
760 2731 795 2783 de
808 2729 1011 2794 wachendonc
1024 2742 1056 2782 ec
1070 2731 1217 2785 lohannes
1234 2734 1269 2785 de
1282 2733 1422 2799 Poilleyo,

179 2814 344 2880 preceptor
356 2813 392 2864 de
403 2814 562 2874 Renuerso,
575 2816 716 2866 eteorum
729 2812 860 2877 quilibet,
873 2814 1034 2865 nominibus
1055 2815 1157 2878 quibus
1170 2830 1264 2881 supra,
1276 2816 1423 2881 petierunt

181 2897 215 2948 et
226 2897 372 2948 instanter
383 2897 595 2960 requisiuerunt
607 2897 672 2948 fleri
686 2900 716 2948 et
727 2897 828 2948 confici
841 2910 893 2961 per
911 2910 961 2947 nos
979 2895 1140 2948 iohannem
1158 2897 1274 2949 (iuiardi
1286 2898 1315 2948 et
1332 2898 1422 2948 Anto·

181 2978 268 3029 nium
281 2977 427 3043 (luidonis,
446 2980 572 3031 notarios
589 2978 719 3044 publicos
738 2980 947 3044 infrascriptos,
964 2979 1070 3030 ibidem
1088 2981 1156 3030 tunc
1167 2981 1323 3045 presentes,
1336 2993 1421 3031 vnum

184 3063 216 3112 et
227 3058 316 3125 plura
326 3059 472 3125 publicum
484 3065 513 3113 et
525 3061 641 3127 publica
650 3064 872 3127 instrumentum
891 3066 921 3113 ct
937 3062 1127 3114 instrumenta
1144 3063 1179 3114 nd
1195 3064 1362 3128 perpetuam
1379 3062 1423 3114 rei

185 3142 368 3203 memoriam,
382 3145 563 3209 presentibus
575 3144 797 3207 venerabilibus,
810 3145 1010 3209 circumpectis
1024 3146 1053 3196 ct
1066 3145 1195 3196 discretis
1213 3146 1281 3197 viris
1293 3145 1421 3198 Gilberto

188 3225 298 3279 Oueral
308 3226 514 3289 Laudunensis,
528 3225 669 3279 Michaele
679 3229 757 3292 Goye
773 3229 926 3280 Remensis
935 3228 1119 3279 ecclesiarum
1129 3228 1281 3289 canonicis,
1291 3228 1422 3283 iohanne

187 3309 325 3375 Romani,
348 3314 460 3362 rectore
487 3311 675 3375 parrochialis
702 3313 822 3363 ecclesie
847 3312 883 3364 de
908 3312 1038 3364 Tornaco
1060 3313 1271 3365 Cameracensis
1291 3314 1421 3377 diocesis,

187 3392 322 3445 iohanne
351 3392 516 3455 Blandurel‚
547 3394 691 3460 Stephano
720 3395 872 3458 Monoque,
899 3394 1082 3460 presbyteris,
1109 3395 1240 3447 iohanne
1270 3396 1421 3462 Monoque,

187 3474 294 3527 clerico
312 3475 459 3541 capellano
477 3476 507 3527 in
525 3477 648 3528 ecclesia
667 3477 851 3539 Tornecensi,
870 3478 999 3529 Roberto
1021 3477 1055 3528 dc
1076 3477 1247 3541 Molendino,
1265 3479 1295 3531 in
1313 3481 1421 3533 artibus

188 3557 338 3624 magistro,
352 3557 456 3609 clerico
473 3559 657 3622 Tornacensi,
670 3559 803 3611 iohanne
822 3561 932 3625 Gigart,
945 3558 1049 3611 clerieo
1068 3561 1282 3624 Cameracensi,
1295 3564 1420 3615 Gerardo

187 3639 344 3706 Sannageti
365 3642 395 3691 et
414 3641 552 3693 Mermeto
578 3642 694 3703 Corteti,
718 3642 825 3693 domini
848 3643 938 3693 nostri
958 3657 1030 3708 pape
1052 3645 1225 3711 cursoribus,
1246 3646 1366 3699 testibus
1386 3646 1421 3698 ad

188 3723 329 3788 premissa
337 3724 446 3774 vocatis
455 3723 620 3789 specialiter
632 3726 660 3776 et
669 3725 787 3792 rogatis.

220 3804 373 3871 Signatum
383 3805 463 3857 etsie
475 3805 665 3870 subscriptum
677 3820 684 3856 :

219 3886 258 3938 Et
268 3887 335 3951 quia
347 3901 402 3953 ego
411 3887 559 3940 lohannes
572 3889 698 3951 Guiardi,
709 3890 830 3941 clericus
841 3891 1020 3942 Pictauensis
1030 3891 1160 3955 diocesis,
1171 3892 1301 3958 publicus
1310 3899 1421 3962 aposto·

187 3969 244 4022 tica
260 3971 291 4022 et
308 3969 452 4036 imperiali
470 3970 687 4023 auctoritatibus
706 3986 739 4023 ac
752 3973 826 4025 sacri
838 3973 984 4038 generalis
1001 3975 1116 4026 concilii
1128 3976 1351 4030 constantiensis
1368 3993 1420 4045 pro

186 4053 305 4105 natione
318 4052 465 4105 Gallicana
478 4056 508 4104 et
520 4053 646 4105 eiusdem
660 4055 783 4106 nationis
797 4057 936 4120 notarius,
948 4056 1094 4121 premissis
1106 4059 1237 4109 omnibus
1249 4060 1278 4110 et
1290 4060 1421 4127 singulis,

185 4135 255 4186 dum
271 4135 325 4197 sic,
337 4137 367 4186 vt
379 4137 510 4201 superius
533 4137 746 4199 describuntur,
766 4139 795 4189 in
817 4139 887 4190 locis
908 4153 995 4204 supra
1011 4138 1167 4204 designatis
1184 4146 1420 4207 proponerentur,

185 4215 365 4281 legerentur,
393 4218 662 4282 pronunciarentur,
694 4222 908 4283 reuocarentnr,
940 4221 1196 4284 sentenciarentur,
1220 4223 1420 4290 diffinirentur,

184 4299 448 4365 promulgarentur,
476 4302 650 4362 dicerentur,
684 4305 894 4367 proferrentur,
925 4304 1081 4368 agerentur
1106 4305 1135 4356 et
1161 4306 1271 4368 flerent,
1301 4322 1420 4363 raecum

185 4382 395 4447 prenominatis
408 4383 530 4435 dominis
543 4384 664 4435 testibus
677 4386 707 4435 in
722 4385 845 4451 singulis
857 4386 967 4438 actibus
987 4399 1105 4451 presens
1122 4388 1173 4449 lui,
1192 4402 1282 4453 eaque
1299 4392 1341 4443 sic
1356 4394 1420 4447 fleri

184 4463 246 4514 vidi
265 4464 295 4514 et
320 4464 427 4527 audiui,
449 4465 514 4517 ideo
535 4465 602 4518 huic
621 4468 747 4530 presenti
765 4469 881 4533 publico
899 4469 1097 4531 instrumento,
1115 4468 1173 4520 alia
1191 4483 1277 4522 manu
1296 4472 1421 4528 fideliter

186 4546 305 4613 scripto,
315 4559 400 4599 manu
413 4561 477 4600 mea
484 4549 603 4615 propria
615 4562 662 4601 me
674 4551 841 4619 subscripsi,
854 4552 883 4604 et
894 4552 1007 4619 signum
1019 4564 1113 4603 meum
1125 4556 1290 4606 consuetum
1302 4571 1420 4613 unacum
