3188 5340
198 495 247 549 1⁰⁰
527 571 530 576 A
678 506 783 563 nuno
800 508 941 563 inrorato

193 662 329 749 geheeie
351 667 554 756 vergedorde
576 671 753 762 bevotking
774 673 896 744 binnan
923 676 964 744 dc
989 675 1118 745 twcede
1141 676 1241 745 week
1269 696 1340 746 van
1357 675 1421 745 den

192 771 311 837 vasten
337 788 379 837 en
398 776 433 841 tc
455 773 557 861 geliji
585 775 676 844 word
703 776 744 844 de
770 779 949 865 peuselijkc
980 779 1241 868 vercordeeling
1256 779 1318 848 der
1341 779 1423 849 (iec-

192 870 318 941 nelmrn
349 871 580 965 aigekondigd.
606 879 660 948 nit
684 881 856 951 vorwekte
881 883 955 951 veel
971 882 1215 970 rcrbittering;
1246 881 1335 953 doch
1358 882 1422 952 van

192 973 350 1147 ‹ilienkdag
370 976 409 1046 at'
428 979 627 1049 verdwcnen
640 981 680 1049 de
694 981 900 1067 Geoeelaara,
917 985 949 1052 al
968 986 1008 1073 zi]
1025 984 1085 1054 het
1105 984 1168 1054 ouk
1185 989 1289 1074 tugen
1307 984 1366 1053 vil
1380 1005 1420 1054 en

220 1096 262 1148 an
291 1130 299 1148 .

228 1241 321 1313 [Anno
333 1242 533 1314 ucccxniri]
551 1260 679 1301 rumores
690 1247 777 1302 ctiam
794 1250 890 1317 magni
908 1253 999 1313 erant,
1012 1251 1087 1317 quod
1098 1252 1127 1303 in
1143 1251 1304 1320 ilongaria,
1317 1250 1349 1304 in
1361 1248 1422 1305 Alc·

194 1328 319 1394 mannia,
331 1328 361 1379 in
373 1327 476 1381 ducatu
489 1328 652 1395 Bretiande,
670 1331 706 1384 de
722 1332 893 1396 civitatibus,
904 1333 939 1385 de
957 1333 1042 1396 villis,
1053 1335 1089 1387 de
1110 1333 1220 1396 caetris,
1240 1334 1277 1387 de
1289 1333 1384 1400 opidin
1394 1333 1422 1385 et

194 1409 230 1461 de
241 1408 317 1462 villis
328 1413 534 1477 campestribus
545 1412 674 1467 homines
685 1417 768 1467 erant
777 1418 963 1482 provocantes
978 1428 1009 1468 ae
1021 1417 1057 1468 ad
1071 1417 1203 1480 invicem,
1221 1418 1253 1470 et
1263 1417 1421 1470 munnio·

194 1492 279 1545 modo
291 1493 416 1560 ducenti,
427 1495 511 1548 modo
522 1496 651 1560 trecenti,
660 1497 744 1550 modo
755 1498 904 1566 quingenti
917 1501 947 1551 et
958 1498 1065 1566 plures,
1078 1499 1234 1552 secundum
1244 1497 1422 1566 possibilite-

192 1576 251 1629 tem
267 1576 370 1645 patrie,
392 1579 422 1630 et
437 1579 516 1631 ibant
532 1591 585 1644 per
600 1580 723 1645 patriam
733 1580 855 1647 triginta
866 1581 957 1633 tribus
974 1580 1075 1634 dicbm
1092 1581 1246 1644 continuis,
1259 1580 1306 1634 bia
1322 1581 1355 1633 in
1365 1579 1420 1642 die,

193 1658 276 1711 nudis
292 1660 413 1727 pedibus
424 1662 453 1712 et
463 1673 582 1726 corpore
591 1663 706 1727 praeter
716 1662 874 1726 femoralia,
887 1663 1004 1730 capucia
1021 1662 1168 1726 habentem
1181 1678 1214 1717 ce
1222 1662 1421 1730 scorpionibus

192 1757 283 1810 usque
303 1744 339 1797 ud
356 1744 503 1823 sanguinis
519 1744 687 1799 titutionem
704 1747 895 1800 verberantes.
919 1746 963 1798 Ad
980 1747 1112 1800 ultimum
1127 1748 1271 1800 venerunt
1288 1745 1321 1798 in
1340 1743 1420 1798 Blan-

192 1827 293 1880 driam.
312 1823 469 1881 Veritatem
481 1828 576 1881 autem
583 1829 636 1892 rei,
649 1831 788 1895 quomodo
799 1831 907 1898 incepit
923 1833 953 1884 et
964 1832 1000 1882 ob
1010 1844 1095 1896 quam
1107 1843 1233 1894 causam,
1243 1830 1321 1883 etad
1338 1841 1420 1894 quem

193 1912 279 1965 duem
297 1911 424 1974 tendunt,
434 1913 465 1965 ct
483 1912 551 1977 quia
569 1926 588 1965 a
602 1912 716 1968 nomine
726 1915 807 1981 potui
819 1913 905 1981 super
922 1913 968 1967 hie
984 1915 1145 1978 informari,
1168 1912 1235 1966 volo
1252 1912 1420 1979 registrare.

192 1994 268 2061 quod
275 1995 398 2060 probare
409 2008 466 2047 non
477 1994 611 2049 valerem.
631 1997 673 2050 De
684 1997 767 2050 modo
781 1998 850 2051 iacti
862 1997 937 2065 quod
951 1996 1009 2048 ridi
1020 1999 1050 2051 et
1064 1997 1171 2060 audivi,
1183 1994 1305 2049 intendo
1322 1993 1420 2061 postea

192 2077 288 2129 tacere
300 2077 516 2130 mentionem...

222 2157 359 2213 Nerato
371 2174 427 2228 pro
447 2156 503 2212 tuo
519 2158 747 2230 hominiumque
769 2162 931 2215 cateruatim
945 2174 1001 2230 per
1020 2162 1151 2224 σίυἰεαῑω,
1171 2172 1229 2229 per
1252 2156 1349 2220 vilior,
1369 2168 1421 2226 per

190 2251 358 2312 cucumer
374 2239 475 2311 oppido
490 2240 657 2296 audoleco
673 2242 757 2296 modo
773 2241 1179 2308 omium,mododucc'atiaut
1195 2237 1419 2302 mmmm

185 2340 240 2396 per
250 2340 405 2380 ameum
413 2323 581 2392 oenpliorcm
590 2338 620 2377 re
630 2322 796 2378 odenatum
807 2332 834 2378 et
849 2326 929 2380 itant
939 2326 1144 2393 poenitentiam
1154 2323 1305 2393 poticam
1317 2322 1419 2391 sucin·

188 2414 238 2474 tec,
250 2409 281 2460 in
291 2422 369 2460 anno
377 2404 578 2461 MGCGXLIX.

222 2491 308 2544 Novit
323 2490 398 2543 Deus
410 2492 521 2542 mutare
532 2490 697 2553 sententias,
709 2491 734 2542 ai
744 2493 775 2542 tu
786 2488 898 2543 noveris
911 2490 1016 2542 delicta
1027 2491 1190 2545 emendare.
1202 2485 1417 2549 Tribularer,ai

190 2573 330 2627 nescirem
341 2572 551 2624 misericordias
562 2573 634 2634 tuas,
651 2570 784 2636 Domine;
798 2573 828 2623 tu
841 2573 917 2624 enim
929 2573 1025 2624 dixisti
1037 2587 1044 2624 :
1064 2573 1139 2625 Nolo
1148 2572 1273 2624 mortem
1285 2571 1419 2638 peccato-

188 2656 238 2717 rie,
250 2654 301 2706 eod
316 2656 349 2705 ut
359 2655 578 2707 convertaturct
595 2654 680 2705 vivat.
698 2654 744 2716 Et,
763 2654 862 2706 obone
872 2653 973 2717 Jhesu,
990 2656 1022 2706 tu
1035 2655 1134 2706 dixisti
1145 2667 1197 2706 ore
1208 2655 1261 2705 tuo
1279 2653 1381 2705 nancto
1392 2653 1419 2702 ct

189 2737 338 2789 benedicto
352 2750 359 2788 :
373 2736 480 2787 Discite
491 2748 572 2799 ame,
584 2736 651 2799 quia
666 2736 744 2787 mitis
766 2750 828 2787 aum
848 2738 878 2788 et
895 2735 1011 2788 humilia
1028 2737 1125 2789 corde.
1148 2736 1186 2788 iit
1203 2735 1303 2788 venite
1321 2734 1358 2786 ud
1375 2745 1418 2784 me

152 2836 156 2844 ·
187 2832 295 2881 omncs,
308 2820 355 2884 qui
367 2817 503 2870 laboratis
512 2820 541 2870 et
558 2821 668 2870 onerati
678 2820 756 2882 estin,
769 2822 797 2871 et
809 2832 864 2885 ego
876 2834 926 2871 vos
935 2820 1071 2871 reficiam.
1088 2819 1223 2872 Redeunt
1235 2831 1310 2885 ergo
1323 2817 1359 2869 cd
1370 2827 1418 2867 cor

187 2906 361 2973 peccatores,
382 2903 411 2954 et
427 2901 475 2966 qui
493 2901 630 2954 ceciderit
646 2903 749 2953 adiciat
765 2904 797 2954 ut
814 2903 956 2969 resurgat,
975 2904 1005 2953 ct
1021 2904 1114 2953 cesset
1129 2901 1180 2965 qui
1193 2899 1338 2966 peccavit,
1353 2895 1418 2961 quia

187 3003 256 3044 vera
271 2984 409 3040 contricio
430 2985 474 3035 cst
496 2984 526 3035 et
548 2983 609 3047 eius
634 2983 776 3045 diffinitio,
798 2985 954 3048 praeterita
970 2982 1108 3050 plangere
1128 2984 1158 3034 et
1174 2980 1346 3048 plangenda
1362 2990 1416 3030 non

186 3068 375 3123 committere.
395 3064 518 3128 Tempus
532 3064 608 3115 enim
624 3064 710 3115 instat
727 3065 872 3128 penitendi
890 3067 920 3117 et
936 3064 972 3116 de
988 3068 1118 3132 tempore
1137 3078 1195 3115 non
1206 3062 1351 3116 habemus
1363 3061 1415 3113 nini

187 3163 272 3204 nunc.
290 3149 413 3203 current
430 3160 499 3212 ergo
519 3149 682 3212 peccatores
701 3147 737 3198 ad
753 3147 948 3212 penitentiam,
966 3148 1033 3200 dum
1050 3150 1164 3212 tempus
1182 3144 1305 3198 unbem.
1333 3145 1414 3196 Peni-

185 3234 277 3287 tentia
300 3234 395 3284 autem
416 3230 503 3281 debet
522 3242 584 3280 esce
603 3229 734 3291 discreta,
758 3229 935 3281 rationabilis
966 3244 1000 3282 oc
1023 3230 1165 3291 ordinata,
1188 3229 1220 3280 et
1242 3228 1362 3295 incepta
1381 3225 1415 3277 dc

184 3314 342 3382 superioris
352 3312 497 3364 voluntate
508 3311 538 3362 et
554 3310 685 3363 habentia
697 3311 862 3377 injungendi
883 3314 1063 3377 potestatem,
1085 3311 1155 3377 quia
1165 3310 1244 3376 quod
1256 3311 1323 3363 cine
1335 3321 1414 3374 supe·

185 3397 272 3450 riorie
292 3396 324 3446 tit
342 3394 511 3447 auctoritate
530 3391 575 3444 vel
587 3391 741 3454 voluntate,
751 3395 955 3458 presumptioni
973 3393 1159 3459 deputabitur
1174 3395 1204 3445 et
1221 3404 1298 3445 rane
1311 3389 1413 3458 glorie,

186 3492 243 3531 non
256 3477 389 3530 mercedi.

218 3561 300 3612 Anno
312 3560 403 3625 igitur
422 3556 621 3619 nocerim,
633 3557 784 3610 audierunt
799 3558 828 3609 et
840 3557 971 3609 viderunt
982 3556 1128 3610 mirabilia
1144 3559 1214 3610 tunc
1229 3556 1373 3619 virentes,
1385 3554 1412 3607 et

185 3642 277 3695 visum
286 3644 329 3694 eet
341 3639 428 3692 michi
437 3641 600 3706 expediens,
605 3639 680 3704 quod
688 3639 809 3704 posteris
820 3641 849 3691 et
860 3640 964 3690 tuturis
973 3641 1105 3692 omnibus
1116 3638 1230 3705 aliquid
1240 3639 1412 3698 innotescat,

185 3725 253 3791 quia
265 3737 372 3784 omnes,
381 3722 430 3788 qui
442 3734 510 3774 sane
522 3722 625 3773 mentis
641 3723 733 3782 erant,
753 3723 820 3772 tunc
831 3722 968 3787 temporis
980 3734 1067 3788 super
1078 3720 1201 3773 diversis
1214 3720 1411 3774 mordentibus

185 3808 214 3859 et
239 3818 325 3871 super
347 3803 531 3856 mutationem
551 3803 686 3871 temporis
698 3804 727 3854 et
743 3815 926 3867 personarum
944 3802 1186 3869 quamplurimum
1220 3803 1411 3856 mutentur.

184 3888 299 3941 Certum
317 3887 361 3938 est
371 3886 447 3938 cuim
458 3885 533 3949 quod
551 3885 580 3935 in
591 3885 731 3949 principio
750 3884 818 3935 dicti
830 3885 907 3946 anni,
919 3888 1063 3937 transacto
1077 3885 1329 3952 quadragesimi
1337 3887 1412 3939 ten-

184 3982 265 4035 pore,
285 3968 380 4020 statim
397 3969 461 4032 post
478 3968 583 4018 testum
603 3965 721 4028 Pasche,
733 3965 854 4032 populus
871 3968 1019 4020 universus
1042 3969 1171 4020 virorum
1192 3982 1228 4022 ac
1244 3969 1412 4028 mulierum,

183 4049 441 4103 ecdooimticorum
458 4050 489 4100 et
504 4049 710 4100 mundanorum
721 4049 751 4099 in
763 4051 870 4100 mutam
891 4049 1133 4103 inordinationem
1155 4053 1291 4105 omnium
1314 4063 1412 4105 excea-

183 4146 266 4185 cuum
275 4119 459 4193 deienerunt,
465 4130 540 4195 quod
548 4130 645 4181 videre
654 4132 715 4180 erat
723 4129 871 4192 horribile,
877 4133 999 4183 maxime
1009 4131 1068 4183 illis
1077 4133 1126 4197 qui
1136 4133 1415 4201 videranttempora

182 4214 334 4279 preterita;
345 4214 374 4264 et
385 4211 439 4262 hoc
450 4214 512 4263 eret
521 4209 720 4263 universaliter
736 4225 788 4277 per
799 4214 889 4264 totum
900 4213 1046 4276 mundum,
1057 4216 1087 4266 et
1095 4214 1217 4270 difficile
1225 4219 1308 4270 cenet
1319 4215 1414 4270 omnia

183 4296 212 4346 in
221 4295 335 4361 scriptia
351 4294 494 4360 redigere,
504 4306 569 4346 nam
581 4293 617 4345 de
627 4295 752 4346 reatibus
763 4297 792 4346 et
803 4295 976 4347 ornamentis
987 4296 1057 4360 quid
1072 4296 1172 4351 dicere
1189 4303 1330 4365 pomi
1342 4299 1415 4361 Quia

182 4377 237 4428 viri
249 4380 308 4429 tam
319 4377 432 4428 strictae
444 4378 503 4428 tam
514 4379 609 4427 curtas
620 4377 713 4428 vectes
731 4377 882 4440 iaciebant,
895 4377 970 4442 quod
978 4378 1009 4429 in
1026 4378 1126 4431 multis
1136 4380 1298 4436 femoralia
1314 4383 1414 4435 cuntur

182 4456 367 4521 apparebant,
384 4454 459 4520 quod
472 4456 534 4507 erat
545 4453 736 4507 inhonestum.
755 4454 816 4506 Hoc
832 4458 927 4508 tamen
943 4459 1094 4524 gratanter
1112 4459 1255 4512 videbant
1274 4461 1414 4517 mulieres

183 4536 326 4602 impudice
338 4539 366 4588 et
386 4536 501 4602 lascivo,
524 4537 591 4602 quia
602 4549 699 4589 omnes
711 4536 789 4588 notua
800 4535 947 4589 hominum
959 4538 1115 4593 tendebant
1123 4540 1161 4594 ad
1170 4541 1338 4599 luxuriam.
