3256 5324
670 108 774 162 ANNO
793 106 858 158 1355
1324 108 1372 161 143

153 297 313 371 gorangon
337 282 446 366 genet.
471 275 510 342 Iu
532 271 859 361 tegenwoordigheid
891 293 955 340 ran
987 271 1127 340 broeder
1159 273 1297 342 Lirinus
1328 274 1370 343 de

147 387 259 455 Sancto
286 383 398 458 Petro,
422 379 718 466 plantarervnnger
740 397 805 444 ran
827 375 893 453 den
915 376 1111 463 inquisiteur
1132 377 1166 445 iu
1189 378 1370 446 het-Deor-

140 485 259 557 niksoh
269 483 407 562 bisdom,
428 480 519 549 werd
534 487 632 567 tegen
646 480 709 547 den
722 480 891 568 sehuldige
907 500 969 547 eeu
986 480 1108 568 geding
1124 481 1367 569 ingespannen.

136 587 266 659 Naden
301 587 380 656 read
411 605 477 653 van
507 584 579 652 veel
607 583 687 671 god·
716 583 1062 674 enreehtsgeleerden
1087 585 1316 671 ingewonnen·
1335 592 1369 655 te

129 690 267 762 hebben
283 689 376 758 werd
392 690 451 758 het
465 687 585 756 nonnis
609 693 709 774 tegen
733 687 834 755 Jacob
859 687 975 755 Clerici
1005 688 1262 775 nitgeeprokeu:
1283 690 1371 756 Daer

127 797 179 885 hij
210 795 300 883 zijne
315 793 448 881 ketterij
475 791 684 879 nfgezworen
707 789 797 858 heeft
814 810 855 856 en
880 791 951 857 zich
966 797 1033 858 met
1050 791 1090 857 de
1106 790 1199 858 Kerls
1216 792 1367 861 wenscht

124 909 164 969 te
183 918 386 976 veraoeneu.
416 895 526 962 wordt
554 895 600 983 hij
634 913 808 962 verwezen
824 897 876 961 tot
892 914 974 961 eene
998 894 1278 981 gerungensohap
1303 914 1367 961 van

122 1000 191 1071 όὸιι
204 1002 287 1090 jaar
302 1001 336 1069 in
359 1001 424 1067 deu
440 997 740 1087 bissohoppelijlren
769 996 891 1064 kerker
906 1018 950 1064 en
966 1003 1015 1065 tot
1031 997 1071 1063 de
1087 995 1296 1089 verbanning
1319 996 1368 1065 uit

118 1109 189 1176 het
207 1102 338 1172 bisdom
354 1101 511 1183 Doornik‚
529 1121 570 1188 op
591 1100 680 1170 siref
692 1121 755 1168 van
771 1099 986 1189 levenslange
1001 1101 1218 1189 gerungenis.

298 1325 445 1380 &manda
461 1332 559 1379 sonim
574 1323 712 1379 Iacobum
730 1323 830 1378 Clerici
844 1338 896 1392 pro
912 1326 1068 1392 susspicione
1084 1323 1198 1379 beroem

153 1491 316 1546 universis
325 1495 474 1559 presentes
484 1491 597 1544 litteras
613 1491 784 1558 inspecturis
804 1491 965 1590 Philippus,
979 1493 1031 1545 Dei
1054 1494 1154 1559 grana
1174 1495 1363 1548 'romanensis

109 1565 293 1647 episeopus,
311 1574 451 1629 salutem
443 1589 475 1628 m
483 1574 614 1627 Domino.

151 1657 321 1720 Noveritis,
333 1657 419 1724 quod,
441 1670 506 1709 oum
523 1670 575 1708 nos
596 1656 737 1708 iacobum
759 1656 892 1708 cleriei
885 1671 915 1708 1n
927 1661 1025 1710 nostra
1037 1658 1221 1712 detenuimus
1237 1661 1366 1726 prisonia

108 1740 326 1805 muncipatum
333 1741 496 1806 suspectum
507 1738 543 1791 de
555 1737 650 1790 heresi
662 1752 714 1803 pro
726 1751 760 1790 eo
772 1739 847 1803 quod
856 1739 911 1791 sibi
927 1740 1138 1805 imponebatur,
1151 1743 1227 1806 quod
1238 1744 1365 1810 pertina-

10 1837 14 1868 ι
107 1829 201 1882 citer
208 1826 241 1876 et
248 1823 388 1876 assertive
396 1823 509 1875 dixerat
520 1823 550 1874 et
561 1823 702 1882 tenuerat,
715 1821 791 1885 quod
805 1822 897 1873 saneti
909 1836 965 1872 uon
975 1822 1074 1874 volunt
1087 1836 1140 1875 neo
1148 1827 1268 1889 possunt
1279 1839 1363 1878 orere

106 1919 181 1977 pro
192 1904 289 1966 nobis,
302 1904 547 1970 processimusque
559 1905 660 1954 eontra
671 1916 736 1954 eum
751 1916 838 1967 super
845 1904 991 1968 premissis
1002 1905 1088 1969 prout
1097 1905 1164 1970 jura
1180 1904 1288 1970 volunt,
1301 1921 1365 1972 pre·

104 1989 210 2044 sente
220 1985 383 2040 venerabili
394 1988 424 2039 et
431 1985 568 2053 reliffl'oso
580 1985 641 2037 viro
653 1986 743 2037 tratre
756 1985 855 2036 Livino
873 1985 908 2036 ‹ie
920 1983 1023 2038 Sancto
1042 1986 1137 2049 Petro,
1150 1987 1362 2044 locumtenente

100 2069 310 2134 inquisitoris
320 2068 448 2122 heretice
458 2069 608 2135 pravitatis
619 2068 649 2118 in
661 2067 765 2119 nostris
777 2068 892 2119 civitate
905 2069 933 2119 et
944 2068 1068 2133 dyocesi,
1083 2071 1214 2122 omnibus
1222 2072 1278 2124 rite
1291 2073 1362 2124 notis

98 2168 151 2205 ιο
171 2150 303 2218 plurium
311 2151 512 2219 religiosorum
524 2152 553 2203 et
563 2151 794 2216 jurisperitorum
802 2151 1009 2203 communicato
1018 2151 1147 2215 consilio,
1160 2154 1260 2206 eontra
1268 2155 1361 2220 ipsum

90 2234 268 2286 «Iacobum
281 2235 409 2287 uostrem
419 2235 591 2287 sententium
602 2233 781 2285 diffinitivam
792 2235 969 2299 proterimus
978 2235 1008 2287 in
1021 2235 1097 2288 huno
1105 2237 1239 2289 modum-z

142 2315 235 2376 Quia
250 2318 292 2380 te,
302 2315 444 2369 iacobum
453 2315 565 2378 clerici,
583 2329 636 2381 per
646 2316 829 2381 probationes
852 2315 996 2382 legitimae
1014 2318 1174 2370 invenimus
1194 2318 1362 2384 hereticum,

80 2398 281 2451 ιεειιιοιιᾱο
293 2398 369 2465 quod
380 2399 471 2450 ssnoti
483 2412 540 2450 non
552 2400 671 2463 possunt
691 2411 742 2450 neo
758 2397 858 2449 volunt
871 2411 955 2451 orare
967 2413 1020 2465 pro
1041 2401 1140 2465 nobis3
1161 2415 1237 2453 nune
1256 2403 1364 2454 saniori

77 2490 193 2532 usus
209 2479 334 2533 oonsilio
350 2481 393 2533 vis
413 2481 449 2534 ad
459 2481 600 2534 unitatem
611 2480 749 2544 Eeolesie,
762 2483 848 2546 prout
867 2482 983 2546 asseris,
1002 2483 1087 2535 eorde
1100 2484 1174 2535 bono
1191 2485 1221 2536 et
1237 2484 1294 2537 tide
1305 2499 1363 2537 nou
1461 2499 1464 2512 ¹

72 2559 193 2616 fich
211 2563 319 2617 redire.
337 2562 406 2616 Ideo
418 2564 457 2626 te,
480 2563 622 2629 inprimis
642 2564 774 2628 abjmata
793 2564 870 2614 omni
889 2563 1016 2618 heretica
1033 2567 1183 2635 pravitate,
1207 2567 1362 2619 seeundum

65 2640 249 2698 formam
259 2645 400 2708 Ecclesie,
410 2646 447 2698 ab
455 2645 758 2698 excommunicationis
770 2645 930 2713 vinculistl)
941 2648 1044 2711 quibus
1061 2649 1206 2701 tenebaris
1218 2650 1361 2714 astrictus,

64 2724 312 2795 absolvimus,
330 2730 355 2782 si
373 2732 469 2782 tamen
492 2728 528 2781 ad
555 2742 618 2782 enm
635 2728 756 2780 redieris
779 2740 815 2780 ex
832 2730 918 2781 eorde
937 2732 966 2781 et
990 2731 1167 2797 injungenda
1177 2731 1213 2799 (2)
1229 2734 1363 2786 mandata

60 2811 296 2864 temnens.
307 2811 422 2878 thuia
432 2812 463 2864 in
475 2800 568 2865 Deum
579 2812 609 2863 et
621 2813 749 2863 sanctam
764 2811 923 2863 Eoolesiem
932 2812 1015 2864 modo
1026 2814 1156 2878 predicto
1164 2815 1274 2868 temere
1285 2815 1361 2868 deii·

60 2892 223 2954 quisti,
235 2891 303 2946 ideo
314 2907 333 2945 a
346 2893 462 2946 eivitme
473 2893 503 2945 et
521 2892 629 2944 diocesi
653 2892 880 2944 'romanensibus
892 2893 944 2944 sub
964 2907 1039 2959 pena
1050 2896 1184 2960 perpetui
1196 2898 1320 2950 carceris
1331 2900 1361 2950 te

57 2977 265 3041 perpetuo
288 2976 441 3028 bannimus
461 2975 537 3029 etad
553 2974 748 3041 peragendam
767 2975 957 3038 penitentiam
968 2976 1138 3042 condignam
1159 2979 1190 3030 in
1213 2992 1360 3033 oaroerem

58 3058 298 3126 nostiumiii)
319 3059 477 3112 te-detradi
498 3056 629 3111 volumus
648 3058 678 3109 et
703 3057 876 3121 precipimus
900 3061 928 3109 te
949 3059 1057 3111 ibidem
1078 3073 1131 3126 per
1154 3074 1244 3112 unum
1254 3074 1362 3113 annum

56 3139 243 3202 morari,
256 3138 424 3193 selvanobis
436 3141 466 3192 et
475 3141 589 3192 retenta
598 3140 738 3205 potestate
750 3138 846 3189 omnia
854 3141 883 3190 et
894 3139 1009 3206 singula
1026 3141 1190 3206 supradicta
1206 3143 1359 3209 mitigandi

59 3224 372 3289 quotienscunque
383 3222 465 3275 nobis
476 3221 569 3273 visum
580 3221 668 3273 tuerit
680 3219 827 3285 expedire.

154 3306 196 3358 in
218 3306 301 3373 eujus
317 3305 369 3358 rei·
385 3303 579 3358 testimonium
602 3301 730 3370 sigillum
753 3304 882 3354 nostrum
904 3306 1084 3370 presentibus
1108 3305 1242 3358 duximus
1267 3318 1359 3372 appo-

67 3389 263 3444 nentium.

155 3472 271 3533 matum,
279 3472 309 3524 et
317 3472 413 3524 sutum
421 3470 554 3533 Tornaei,
563 3469 611 3521 die
621 3468 669 3533 iijs
679 3468 785 3521 mensis
797 3468 982 3535 Septembris,
994 3484 1068 3524 anno
1078 3471 1197 3526 Domini
1205 3472 1359 3526 millesimo

78 3553 580 3622 tresentoeimonninqnsgesimo
591 3551 702 3618 quinto.

332 3667 335 3672 ’
386 3675 646 3743 Rijkaarohieivan
663 3675 789 3740 ramesei,
802 3675 959 3731 cartulaire
975 3677 1011 3732 de
1027 3677 1144 3733 Veaeobt
1162 3679 1198 3735 de
1219 3677 1355 3742 bouem,

421 3757 763 3825 t.1u1m.54),101.1o⁸.

179 4011 438 4079 (Ἢθΐὶθθῐᾶιῒιιῐ
452 4013 645 4083 εθιιὴιθιιιιι
663 4014 830 4068 vimin-
799 4014 881 4082 -(2)
898 4015 1044 4068 Verkeerd
1063 4018 1138 4070 staat
1154 4016 1356 4084 geeohreven:

158 4095 402 4164 bibemu-
369 4097 450 4166 -(3)
462 4096 893 4165 Veriseerdstaatgeaobreven:
906 4105 1044 4151 nostram.
