3188 5340
590 984 1021 1084 AANHANGSEL

772 1229 826 1268 VAN

263 1382 821 1461 NAGEKOMEN
889 1384 1340 1465 STUKKEN.

773 1577 820 1617 ulle
870 1624 873 1627 ,

318 1724 545 1793 HIERBOVEN
568 1725 729 1795 ΜΟΕΤΕΝ
759 1728 1003 1797 INGELASGHT
1031 1730 1206 1798 WORDEN
1228 1734 1241 1816 (
1262 1727 1285 1810 ).

592 2124 1012 2223 mem-mm

234 2335 442 2402 129o1291?
464 2336 614 2424 Pemje?
636 2336 911 2405 Veraoekschriit
922 2337 1003 2405 door
1014 2337 1054 2404 de
1065 2337 1236 2405 Fransche
1252 2333 1403 2422 bisschop·

185 2459 248 2527 pen
261 2444 312 2507 tot
324 2460 406 2527 paus
417 2439 573 2509 Nikolaas
586 2442 634 2508 IV
646 2441 783 2528 gericht
795 2446 894 2529 teger
907 2441 963 2508 het
976 2440 1162 2508 aanstellen
1174 2461 1239 2507 ven
1253 2440 1318 2507 den
1328 2438 1403 2526 prior

184 2542 243 2609 der
272 2543 440 2631 Perijsche
472 2543 712 2630 predikheeren
747 2545 796 2611 als
830 2543 1044 2631 bestendigen
1072 2544 1272 2629 inquisitenr
1297 2542 1330 2610 in
1354 2542 1401 2608 het

184 2643 376 2735 koninlrrijk
404 2646 595 2734 Frankrijk.
611 2647 724 2714 -Die
736 2645 1058 2735 predikheermaakt
1074 2645 1235 2715 misbruik
1251 2666 1318 2714 ran
1328 2645 1399 2735 zijm

184 2749 351 2818 volmacht
372 2770 412 2816 en
445 2750 582 2818 handelt
610 2751 765 2838 geregeld
792 2750 905 2819 buiten
941 2750 1004 2817 den
1035 2749 1201 2837 hisschop.
1228 2751 1397 2836 mammen

184 2851 309 2919 tonden
326 2872 530 2939 roorzorgen
547 2859 679 2921 mosten
696 2874 856 2940 genomen
869 2854 1020 2920 worden.

217 2970 384 3035 Supplicant
394 2970 498 3036 prelati
507 2984 593 3036 super
602 2986 648 3034 eo,
668 2972 743 3037 quod
755 2972 837 3024 sedes
849 2969 1005 3037 apostoliea
1016 2970 1143 3035 priorem
1154 2967 1279 3020 fratrum
1290 2966 1396 3035 predica·

182 3053 276 3104 torum
285 3053 487 3118 Parisiensem,
505 3068 561 3105 non
574 3054 684 3107 adiecto
694 3055 810 3120 proprio
823 3055 947 3115 nomine,
960 3054 1131 3119 perpetuum
1143 3051 1275 3117 legatum
1286 3048 1395 3102 habetis

183 3149 274 3200 regno
286 3136 407 3187 Francia
418 3136 453 3187 ad
466 3137 667 3200 inquirendum
678 3149 731 3202 per
741 3150 772 3189 se
784 3136 828 3188 vel
840 3150 893 3202 per
909 3136 998 3188 alium
1009 3137 1046 3186 de
1057 3134 1187 3187 heretica
1195 3135 1342 3200 pravitate.

217 3217 370 3269 Mouentur
390 3217 435 3268 his
456 3219 557 3280 causis,
577 3220 644 3283 quia
663 3220 703 3270 sic
728 3220 831 3271 tratres
851 3220 970 3284 possunt
992 3218 1139 3282 inquirere
1159 3219 1263 3269 contra
1278 3225 1393 3283 personas

185 3298 347 3351 nullatenus
359 3299 540 3365 diffumatas3
561 3302 586 3351 ai
595 3315 668 3367 papa
680 3301 738 3352 illis
755 3300 810 3352 hoc
826 3302 1022 3363 concessisset,
1035 3300 1182 3352 videretur
1193 3300 1271 3364 quod
1290 3299 1325 3351 (le
1340 3295 1393 3362 ipm

184 3382 276 3447 magis
288 3382 412 3434 confidat
423 3395 509 3446 quam
520 3384 556 3435 de
568 3384 627 3434 suis
644 3384 829 3449 coepiscopis.

218 3464 282 3515 Non
299 3465 344 3515 est
363 3464 527 3527 verisimile,
551 3465 627 3530 quod
643 3466 748 3518 tratres
765 3467 875 3519 tantum
900 3465 1025 3518 habeant
1044 3466 1136 3518 zelum
1159 3465 1320 3517 animarum
1336 3457 1392 3513 sicu

183 3547 345 3598 ordinarius
356 3547 385 3598 et
392 3558 477 3597 verus
488 3548 594 3612 pastor.
605 3549 630 3599 A
641 3548 837 3600 cardinalibus
848 3549 921 3601 bene
930 3547 1092 3614 appellatur
1100 3548 1131 3599 in
1143 3561 1230 3600 causa
1237 3553 1392 3613 quacumque

183 3628 214 3679 ct
225 3627 261 3678 ab
274 3642 330 3680 uno
340 3628 431 3679 tratre
442 3627 472 3679 in
485 3642 570 3679 causa
581 3630 639 3680 tam
650 3628 740 3680 ardua
751 3630 826 3680 sicut
838 3631 882 3680 est
889 3629 999 3682 heresis
1010 3643 1068 3680 non
1077 3628 1283 3695 appellaretur.

216 3710 302 3761 Prior
311 3710 481 3761 parisiensis
492 3710 621 3774 inquirit,
634 3725 691 3763 non
704 3714 805 3763 uocato
815 3712 947 3778 episcopo
959 3712 1016 3763 loci
1026 3727 1034 3777 3
1046 3713 1144 3775 immo,
1163 3713 1226 3777 ipso
1238 3712 1362 3777 presente
1369 3707 1392 3758 et

184 3793 285 3857 parato
297 3792 436 3844 interesse
445 3806 498 3857 per
508 3806 540 3845 se
551 3793 597 3845 uel
617 3807 668 3859 per
688 3794 785 3857 allum,
809 3795 885 3859 quod
902 3796 946 3847 cst
962 3796 1063 3847 contra
1079 3795 1153 3860 iura,
1165 3808 1240 3861 quae
1263 3793 1355 3847 uolunt
1369 3790 1392 3841 ut

184 3875 318 3940 episcopo
331 3875 486 3926 auctoritas
498 3877 639 3927 seruetur.

216 3956 461 4008 Inconuenienta:
486 3958 647 4022 Numquam
666 3960 771 4011 tratres
788 3961 893 4011 uocant
913 3959 1061 4025 episcopos
1076 3960 1112 4013 de
1132 3974 1311 4026 quacumque
1326 3968 1392 4012 musa

183 4039 281 4105 agitur
306 4039 342 4089 ad
365 4039 577 4105 inquirendum,
595 4042 655 4105 sed,
676 4041 859 4106 inquisitione
879 4043 964 4106 lacta,
986 4041 1138 4096 consulunt
1155 4044 1321 4110 episcopum
1336 4039 1392 4094 sicu

184 4121 366 4174 consulerent
377 4135 586 4186 quemcumque
597 4122 685 4175 alium
697 4125 866 4190 prudentem
878 4125 980 4176 virum.

216 4365 252 4430 (l)
270 4365 326 4417 Het
344 4367 438 4418 eerste
455 4366 547 4431 cljler,
565 4379 619 4418 aan
631 4366 651 4417 ’t
662 4366 748 4418 hootd
763 4381 817 4419 van
841 4367 921 4421 leder
937 4369 1014 4434 stuli,
1033 4369 1115 4422 duidt
1132 4372 1168 4424 de
1185 4370 1322 4440 volgorrle
1336 4381 1391 4427 stul

183 4446 233 4498 het
242 4448 361 4506 twaede.
371 4449 406 4500 de
424 4448 516 4513 plaats
528 4462 607 4501 waar
618 4448 668 4500 het
679 4449 708 4500 in
722 4450 764 4501 dit
781 4450 920 4504 boekdeel
937 4467 989 4505 nou
1001 4455 1117 4506 moeten
1129 4454 1320 4521 ingeschoven
1337 4462 1392 4502 ror

183 4529 238 4583 den
251 4545 260 4594 ς
279 4543 315 4582 en
325 4529 376 4585 het
386 4529 484 4598 derde,
496 4532 531 4584 cle
543 4531 635 4603 plaats
646 4545 724 4590 wear
735 4532 785 4589 het
796 4533 826 4590 in
840 4532 946 4608 θονμω
957 4535 971 4589 Ι
983 4549 1035 4591 rou
1046 4538 1162 4593 moeten
1173 4539 1265 4594 steen
