3256 5324
730 476 833 531 ANNO
852 475 916 530 1398
1380 476 1428 531 ΓΠ

201 637 314 709 scriptis
335 641 534 698 venerabilium
555 640 729 699 dominorum
753 645 781 697 et
804 640 999 710 magistrorum
1021 639 1051 695 in
1077 640 1184 710 legibus
1207 640 1428 703 andecensium

204 718 358 786 doctorum,
376 742 444 794 quas
463 724 588 793 requisiti
604 723 739 780 dederunt
753 740 826 778 anuo
842 721 1068 785 Mcccxcvm,
1086 723 1157 778 sicut
1175 722 1205 778 in
1221 722 1321 783 litteris
1332 741 1427 786 mmm

206 799 304 871 sigillis
328 806 475 869 roboratis,
498 804 663 867 continetur,
688 804 815 861 videlicet
837 804 1029 874 magistrorum
1053 803 1184 860 Hermoni
1208 804 1428 877 Steleluegghe,

208 887 353 955 praepositi
370 888 398 941 S.
412 889 523 958 Georgii
540 889 569 943 in
582 887 706 952 Colonia,
726 886 859 943 iohannis
872 888 907 943 de
923 889 1003 944 Nouo
1020 887 1131 956 Lepide,
1144 888 1269 944 canonici
1286 890 1429 959 Aquensis,

209 966 322 1026 loannis
342 971 409 1027 dicti
434 975 503 1039 Bau,
524 973 679 1028 scholastici
706 971 921 1038 Mechliniensis‚
942 972 1035 1040 legum
1056 970 1183 1036 doctoris,
1200 973 1275 1028 dom.
1303 974 1428 1039 Arnoldi,

206 1049 314 1108 abbatis
323 1053 354 1108 in
363 1053 547 1124 Dilaninghe,
558 1055 691 1110 Gerherdi
703 1056 737 1111 de
749 1053 921 1123 Grtlningen,
931 1053 1065 1109 iohannis
1072 1055 1106 1110 de
1116 1053 1278 1119 Vortborch,
1288 1056 1429 1113 doctorum

207 1134 375 1204 indecretis,
392 1137 533 1207 Redulphi
552 1139 586 1194 de
607 1137 686 1201 Rivo,
711 1136 747 1204 (1)
766 1134 861 1191 decani
882 1135 1060 1203 Tungmnsis,
1080 1134 1213 1191 licentiati
1229 1135 1259 1190 in
1275 1136 1391 1206 legibus,
1403 1141 1432 1192 et

205 1213 368 1274 'l'elemanni
380 1221 485 1276 Eckart
495 1222 529 1276 de
545 1221 711 1282 Attendorn,
724 1218 858 1274 licentiati
870 1217 900 1273 in
911 1217 1028 1287 legibus,
1039 1217 1235 1272 aduocatorum
1245 1219 1339 1274 curiae
1350 1218 1431 1274 colo·

203 1296 312 1359 niensis
323 1319 405 1368 3cuni
416 1319 533 1369 quorum
544 1301 766 1373 responsionibus
784 1300 931 1356 concordat
942 1300 1068 1355 deminus
1078 1304 1106 1355 et
1116 1299 1247 1369 magister
1258 1300 1432 1358 Ererlianlus

204 1379 309 1446 rosa,
321 1383 442 1439 decenus
454 1384 481 1439 S.
495 1384 646 1440 deeturis
657 1384 850 1450 Traiectensis,
861 1381 1016 1439 licentiatus
1028 1383 1058 1438 in
1069 1387 1186 1450 utroque
1193 1387 1266 1452 jure,
1276 1383 1431 1454 sicutpetet
1466 1393 1471 1405 '

200 1470 309 1528 ineius
317 1467 437 1537 scriptis,
449 1473 478 1525 et
488 1469 568 1525 multi
579 1469 638 1524 alii.

407 1553 501 1607 Curis.

249 1630 424 1701 Ineliquibus
434 1633 558 1702 pertibus
577 1633 670 1702 plures
687 1647 819 1701 personae
838 1648 867 1687 se
885 1629 968 1685 simul
987 1635 1150 1699 receperunt
1167 1629 1202 1686 ed
1220 1629 1432 1687 cohabitandum

204 1714 399 1783 aliquomodo,
413 1716 486 1781 sicut
498 1716 593 1772 clerici
604 1716 636 1771 in
647 1732 703 1770 una
713 1715 794 1770 domo
802 1714 832 1769 iu
843 1730 898 1781 qua
908 1713 993 1768 libros
1005 1729 1055 1781 pro
1066 1713 1155 1782 pretio
1165 1713 1298 1780 scribunt,
1311 1713 1360 1769 elii
1368 1729 1433 1768 vero

208 1815 271 1858 non
282 1797 397 1853 scientes
407 1799 536 1863 scribere,
548 1800 664 1855 scientes
680 1805 773 1854 temen
796 1814 881 1866 opere
901 1796 1009 1851 divema
1030 1795 1200 1860 mechanica,
1223 1813 1293 1864 quse
1307 1795 1435 1852 similiter

211 1883 396 1950 mementpro
406 1883 495 1952 piatio
506 1884 535 1938 iu
546 1884 602 1939 alia
610 1884 701 1946 domo,
714 1886 762 1937 aut
772 1881 858 1937 eciem
871 1880 947 1935 eliud
959 1881 1065 1937 iaciunt
1080 1898 1148 1949 opus
1164 1879 1301 1935 manuele.
1314 1879 1350 1934 Et
1365 1878 1434 1935 istae

209 1977 340 2032 personae
356 1963 485 2019 laborant
501 1965 637 2027 manibus,
658 1972 686 2019 et
704 1963 738 2018 de
757 1962 810 2026 his,
831 1979 901 2029 quas
923 1961 1063 2016 laboribus
1082 1960 1237 2029 acquirunt,
1260 1960 1304 2015 vel
1325 1961 1360 2016 de
1377 1959 1435 2015 suis

211 2043 336 2112 premis,
352 2044 377 2099 si
399 2061 470 2113 quae
484 2046 596 2110 hebent,
614 2046 719 2108 vivunt,
736 2049 765 2100 et
782 2045 875 2099 omnia
894 2043 946 2098 sibi
962 2044 1082 2099 invicem
1101 2060 1151 2112 pro
1168 2044 1272 2112 majore
1288 2042 1436 2098 concordia

208 2125 294 2181 libere
316 2131 529 2193 communicant,
541 2130 586 2186 vel
602 2129 632 2185 in
649 2146 792 2184 commune
809 2131 926 2197 ponunt,
946 2128 1093 2183 comedunt
1111 2127 1202 2190 simul,
1220 2132 1248 2182 et
1265 2127 1434 2182 nonmendi·

207 2213 282 2263 mae
295 2207 404 2267 Habeam
415 2211 499 2268 mam
517 2215 589 2267 inter
602 2230 631 2267 se
643 2230 726 2267 uuam
738 2227 882 2280 personam
900 2211 1026 2278 probem,
1044 2225 1114 2276 quse
1127 2225 1222 2264 curam
1235 2209 1332 2264 domus
1342 2208 1435 2273 hebet,

206 2302 288 2357 capus
297 2293 411 2349 munitis
429 2295 617 2363 acquiescunt,
629 2295 673 2350 vel
693 2295 833 2356 obediunt,
851 2293 923 2347 sicut
942 2293 1007 2347 boni
1026 2293 1146 2346 scolares
1161 2290 1302 2361 magistro.
1315 2292 1350 2347 lit
1360 2292 1436 2346 hunc

203 2372 320 2429 modum
339 2376 450 2431 vivendi
472 2376 534 2432 ideo
557 2376 662 2432 faciunt
684 2376 728 2431 vel
749 2376 863 2439 ducunt,
881 2379 914 2430 ut
934 2391 968 2429 eo
983 2375 1151 2429 commodius
1168 2375 1271 2437 vivant,
1285 2379 1312 2429 et
1327 2374 1437 2429 facilius

200 2455 289 2510 timul
299 2460 455 2513 necessaria
471 2460 645 2528 conquirant,
657 2458 848 2528 principaliter
858 2462 959 2520 sutem,
979 2459 1043 2526 quia
1059 2456 1227 2525 spersutsic
1245 2455 1362 2511 vivendo
1378 2456 1436 2511 Deo

200 2538 307 2593 melius
318 2540 428 2609 placere
436 2545 465 2597 et
475 2543 518 2596 illi
528 2542 642 2598 servire.

238 2620 281 2675 Ex
293 2624 445 2690 praemisso
455 2623 574 2681 memma
583 2622 725 2694 quaeritur
737 2641 744 2678 :
759 2624 801 2678 dn
812 2623 895 2678 liceat
902 2621 1028 2692 pluribus
1039 2626 1118 2679 exire
1125 2620 1299 2693 religionem,
1308 2621 1391 2677 simid
1406 2622 1435 2677 in
1472 2666 1478 2674 ,Α

197 2703 305 2758 eadem
327 2704 410 2761 domo
429 2706 596 2770 cohabitare,
624 2711 656 2762 ut
677 2705 801 2762 securius
822 2705 877 2761 Deo
899 2705 1020 2761 serviant
1042 2710 1070 2761 et
1092 2704 1261 2761 commodius
1282 2704 1386 2772 vivant,
1408 2709 1436 2759 et

197 2786 329 2856 propria,
341 2786 366 2842 si
382 2804 453 2856 quse
471 2788 582 2854 habent,
593 2793 619 2845 et
628 2806 698 2858 quae
709 2789 850 2844 laboribus
867 2789 1024 2856 scquirunt,
1040 2788 1204 2844 adinvicem
1217 2788 1304 2843 libere
1315 2804 1434 2843 commu·

199 2869 309 2933 uicere,
318 2873 346 2926 et
357 2870 392 2927 de
403 2870 459 2925 illis
470 2872 561 2927 vivere
570 2873 600 2927 in
616 2872 764 2936 communi,
777 2873 843 2927 dum
854 2875 946 2928 temen
968 2889 1023 2927 non
1042 2871 1206 2927 mendicent.
1226 2871 1296 2926 Item
1309 2888 1316 2925 :
1335 2869 1435 2926 uuum

202 2964 255 3015 ΡΝ
265 2956 391 3022 tempore
402 2953 504 3010 habere
518 2955 622 3023 possint
633 2973 716 3011 unam
731 2956 845 3025 probam
864 2971 1016 3024 perseam,
1029 2971 1099 3023 quae
1111 2971 1205 3008 curam
1217 2953 1315 3008 domus
1324 2952 1434 3016 hebeat,

205 3032 367 3103 malisque
386 3035 564 3104 promissione
583 3038 819 3108 sutobligatione,
836 3037 864 3092 in
878 3036 955 3092 bonis
971 3035 1093 3091 consiliis
1111 3040 1160 3090 aut
1180 3036 1291 3091 monitis
1310 3035 1434 3102 acquies-
1496 3064 1502 3081 ι

212 3123 270 3171 cent
279 3117 327 3172 vel
338 3116 494 3173 voluntaris
505 3119 642 3176 obedient.

241 3197 447 3268 Respondetur:
461 3200 586 3256 Primum
598 3207 702 3258 certum
714 3208 764 3266 est,
777 3203 850 3270 quod
861 3218 933 3257 nova
943 3199 1044 3270 religio
1055 3201 1095 3257 eis
1105 3199 1271 3270 denegatur:
1284 3200 1434 3268 Exunvag.

218 3279 417 3352 derelig0dom.
429 3283 494 3353 Cep.
508 3283 552 3337 Ns
562 3288 665 3354 mmia,
674 3289 702 3340 et
711 3285 772 3340 eod.
786 3285 840 3340 Tit
854 3284 885 3337 C.
899 3284 984 3339 unico
997 3284 1042 3339 Di.
1051 3284 1165 3338 multem
1174 3300 1226 3339 aec
1236 3281 1435 3351 licetsuperio·
1458 3306 1466 3323 ι

218 3380 262 3420 ren
269 3364 377 3435 eligere
386 3368 417 3421 et
426 3382 455 3421 se
468 3365 504 3422 ed
513 3366 696 3423 obedientiam
714 3367 838 3435 obligare
858 3370 886 3420 et
895 3364 1020 3420 habitum
1032 3364 1176 3435 religionis
1187 3381 1324 3421 assumere
1336 3381 1435 3420 secun

218 3445 271 3501 dum
289 3447 412 3503 formam
428 3463 582 3517 expressam
601 3447 630 3502 in
651 3451 847 3516 extravagante
869 3446 1004 3527 iohannis
1019 3446 1104 3501 XXII
1117 3448 1218 3501 &ncta
1230 3448 1368 3510 Romana,
1381 3450 1432 3502 etc.

217 3528 383 3585 &omnbus
399 3533 492 3585 eutem
512 3529 669 3600 hujusmodi
692 3530 806 3593 illicitis,
827 3531 936 3585 licitum
959 3533 987 3584 et
1007 3529 1178 3584 meritorium
1207 3533 1257 3592 est,
1284 3528 1386 3584 hebere
1409 3533 1436 3584 et

215 3627 316 3667 sei-rare
337 3611 496 3679 huiusmodi
521 3613 679 3667 societatem
702 3613 875 3668 caritativam
898 3616 925 3668 et
947 3611 1032 3666 vitam
1051 3610 1189 3674 socialem,
1213 3612 1360 3667 dummodo
1378 3611 1436 3665 suis

214 3695 326 3760 prelatis
338 3696 369 3746 et
380 3696 486 3747 curatis
494 3699 659 3748 reverenter
671 3696 814 3759 obediant,
828 3697 902 3746 sicut
914 3694 965 3746 alii
974 3695 1041 3746 boni
1053 3694 1210 3748 christiani.
1229 3696 1372 3748 Probatur
1382 3709 1436 3760 per

212 3776 238 3829 L.
247 3775 272 3829 1.
281 3773 348 3830 aad.
367 3775 510 3844 religionis
520 3779 550 3830 u.
561 3780 596 3830 de
609 3777 676 3830 coll.
688 3778 748 3839 Illi,
761 3779 810 3830 ubi
827 3779 958 3830 videatur
969 3791 1061 3829 casus.
1073 3777 1110 3829 Et
1121 3777 1175 3830 lioc
1187 3791 1320 3842 expresse
1337 3779 1435 3830 dicunt

210 3858 356 3912 lohannes
367 3859 495 3912 Andreas
505 3861 536 3912 et
546 3861 728 3913 Innocentius
740 3860 893 3927 Extrevag.
906 3859 942 3912 de
958 3874 1059 3912 secere.
1068 3874 1131 3927 pre.
1143 3860 1234 3925 Super
1246 3860 1276 3913 c.
1291 3857 1392 3912 Dilecta
1403 3861 1435 3910 in

211 3943 352 4009 regim
362 3941 474 4009 glossa:
487 3941 565 3994 Illud
580 3949 676 3997 autem
689 3950 815 3995 comtes:
834 3942 1022 3996 atestensis
1039 3944 1069 3993 in
1081 3944 1196 3995 Summa
1208 3943 1264 3995 Tit.
1276 3939 1312 3994 de
1328 3941 1435 3994 Procu-

209 4022 361 4076 morene.
370 4024 549 4091 Responsum
557 4027 593 4078 de
603 4026 735 4079 sindico:
750 4026 823 4086 Quid
833 4026 865 4076 ut
873 4026 994 4076 societas
1003 4041 1030 4079 v.
1040 4025 1091 4076 Est
1102 4027 1198 4077 autem
1206 4025 1384 4091 permissum.
1397 4023 1435 4075 Et

209 4120 259 4172 pro
276 4107 334 4158 isto
347 4107 459 4159 ridetur
470 4121 533 4160 esse
543 4107 738 4175 Extrevegans
759 4109 892 4174 Gregorii
903 4108 945 4160 XI
956 4122 963 4159 :
976 4107 1022 4161 as
1039 4107 1175 4174 ἑψίιηοω,
1193 4109 1223 4159 et
1239 4108 1434 4173 Extraregans

207 4188 353 4241 Bonltacii
380 4187 459 4253 vm,
479 4204 552 4254 quae
573 4190 706 4242 similiter
727 4191 848 4256 incipit:
867 4188 912 4243 Ee
933 4190 1069 4257 bijuncto,
1082 4193 1136 4242 etc.
1158 4191 1195 4242 Et
1212 4191 1247 4241 dc
1267 4189 1434 4240 mulieribus

205 4271 321 4326 ridetur
336 4271 430 4339 magis
440 4285 503 4326 esse
514 4287 679 4340 expressum
698 4273 728 4325 in
749 4272 1084 4341 Extrcvag.Joh.XX11.
1102 4272 1205 4325 &ncta
1222 4271 1363 4333 nomana,
1376 4285 1432 4323 nou

236 4519 277 4589 (ι)
296 4482 508 4589 venenant
519 4520 706 4580 iuuenum
721 4523 727 4578 e
743 4519 862 4579 cerne.
