3188 5340
654 467 758 522 ANNO
777 464 918 518 lace-1350
1265 467 1275 492 '
1348 466 1396 519 1OE

203 636 341 689 Decanus
352 635 448 688 autem
459 634 490 688 et
499 632 665 703 capitulum,
676 633 735 699 qui,
758 634 825 687 sede
845 634 971 697 vacante,
994 634 1076 687 erant
1091 631 1238 694 ordinarii,
1259 643 1393 683 convoca·

165 719 274 771 verunt
283 718 321 769 de
338 717 484 785 religiosis
495 716 720 768 mendicantibus
732 716 807 769 etde
824 715 924 780 peritis
936 714 1065 781 pluribus
1076 727 1141 766 cum
1152 712 1220 775 11111,
1233 713 1282 777 qui
1301 714 1393 778 scrip-

167 802 269 852 serant
291 800 380 853 verba
403 799 472 854 dicti
492 799 706 865 praedicatoris,
730 799 760 850 et
782 811 846 849 cum
866 797 963 849 multis
985 797 1050 849 aliis
1069 795 1198 862 personis
1214 795 1345 847 discretis
1365 795 1394 848 et

166 882 350 943 venerandis,
368 881 565 936 examinantes
582 894 631 933 eos
648 893 735 946 super
758 881 910 947 propositis
928 884 957 932 et
974 880 1057 931 dictis
1072 880 1103 931 in
1114 878 1308 945 predicatione
1319 879 1394 930 ante

168 964 359 1016 dictaadicto
368 964 468 1025 tratre,
486 966 516 1016 et
536 977 622 1029 super
638 962 691 1014 hoc
711 962 940 1016 deliberaverunt
956 963 1135 1032 etlecerunt
1150 959 1306 1026 publicare,
1318 961 1394 1024 quod

168 1047 246 1097 totus
258 1045 352 1098 clerus
361 1048 391 1097 et
402 1045 531 1112 religiosi
545 1059 643 1098 omnes
655 1047 684 1098 et
700 1045 821 1112 populus
832 1045 1041 1111 processionem
1057 1044 1187 1096 iaciendo
1199 1043 1392 1107 convenirent,

168 1127 253 1179 nudis
264 1128 394 1193 pedibus,
405 1129 466 1180 sine
475 1128 608 1191 camisiis,
618 1128 665 1179 116
678 1127 778 1179 Μ11111
794 1128 923 1193 proximo
941 1127 1090 1191 venientis,
1102 1128 1132 1178 et
1148 1126 1231 1178 fleret
1247 1125 1391 1191 processio

167 1207 198 1258 in
220 1209 396 1274 parrochiali
419 1209 542 1263 ecclesia
563 1211 589 1261 b.
612 1209 781 1271 Katberine,
808 1223 899 1273 aquo
917 1208 979 1260 loco
997 1209 1124 1260 redirent
1140 1208 1170 1259 iu
1189 1207 1393 1259 monasterium

166 1290 195 1343 8.
214 1290 344 1354 Martini,
363 1293 460 1357 ibique
485 1294 681 1358 prediceretur
700 1293 818 1345 verbum
840 1293 901 1344 Dei.
925 1292 959 1345 In
977 1305 1033 1356 qua
1049 1291 1229 1357 processione
1249 1290 1393 1354 portatum

167 1373 221 1423 luit
243 1385 263 1424 a
278 1373 394 1424 domino
412 1373 596 1426 decanorum
608 1388 664 1425 uno
683 1373 739 1426 alio
751 1376 887 1426 canonico
904 1374 1051 1426 sacerdote
1063 1372 1284 1425 sacratissimum
1300 1384 1393 1424 sacra·

167 1456 296 1506 mentum
307 1456 436 1521 corporis
454 1456 561 1508 domini
575 1457 664 1507 nostri
687 1456 776 1509 ihesu
789 1457 883 1518 cristi,
900 1457 1148 1520 conveneruntque
1165 1467 1262 1506 omnes
1274 1455 1304 1506 in
1315 1455 1391 1506 dicte

167 1537 359 1602 monasteri03
392 1552 448 1590 non
474 1542 569 1592 tamen
591 1540 647 1590 luit
668 1542 748 1591 tauta
770 1540 845 1592 sicut
868 1541 962 1592 luerat
990 1540 1019 1590 in
1048 1538 1190 1589 dominica
1216 1536 1390 1603 precedenti.

168 1619 271 1671 Frater
282 1621 378 1672 autem
390 1621 543 1683 Robertus,
561 1622 597 1673 de
614 1622 713 1674 ordine
731 1623 819 1674 sancti
837 1622 999 1688 Augustini,
1022 1621 1139 1673 verbum
1160 1619 1213 1672 Dei
1225 1619 1390 1686 predicavit,

170 1706 317 1768 assumpta
333 1703 455 1754 materia
478 1704 513 1755 de
525 1704 610 1755 surdo
630 1707 659 1755 et
670 1706 748 1756 muto
766 1706 864 1755 sanato
876 1717 893 1754 1
905 1702 1021 1754 Domino
1039 1702 1136 1754 nostro
1152 1701 1169 1753 l
1172 1699 1241 1753 besu
1254 1701 1346 1752 011111
1362 1703 1393 1754 11

170 1782 387 1849 elegantissime
399 1787 429 1836 et
437 1784 635 1837 sollertissime
644 1785 785 1850 exposuit,
798 1785 916 1836 virtutes
927 1782 1067 1834 laudando
1080 1783 1109 1834 61
1119 1782 1193 1834 11111
1204 1783 1390 1848 reprobando.

169 1864 202 1917 In
214 1866 274 1917 tine
294 1867 391 1917 autem
414 1867 555 1920 sermonis
567 1867 695 1919 iaciendo
716 1867 974 1919 commendationes
985 1867 1014 1918 et
1031 1865 1184 1926 orationes,
1196 1867 1229 1916 ut
1239 1865 1327 1917 moris
1338 1868 1391 1928 est,

169 1947 268 1998 omisit
289 1960 341 2012 pro
358 1947 520 2013 hujusmodi
544 1945 735 2014 penitentibus
758 1963 894 2012 exorare;
915 1950 1014 2015 postea
1025 1948 1116 1999 dixit:
1130 1968 1143 1990 «ι
1157 1947 1180 2002 0
1192 1949 1265 2001 bone
1281 1951 1391 2014 gentes,

173 2030 358 2081 commissum
370 2032 413 2082 est
424 2031 511 2083 michi
528 2032 608 2082 vobis
625 2030 720 2083 dicere
738 2032 773 2082 de
790 2032 889 2095 tratre,
908 2032 956 2095 qui
973 2031 1003 2083 in
1021 2031 1163 2082 dominica
1182 2032 1345 2096 precedenti
1362 2032 1392 2084 in

169 2110 296 2163 hocloco
306 2113 474 2177 predicavit,
484 2114 558 2177 quod
568 2113 628 2179 ipse
638 2113 710 2164 dixit
721 2114 809 2164 verba
820 2112 903 2165 111111
913 2113 1068 2179 tangentia,
1084 2112 1268 2177 exprimendo
1286 2112 1392 2178 aliqua,

169 2195 198 2246 et
215 2194 295 2246 inter
314 2196 410 2247 cetera
420 2195 456 2250 de
468 2196 680 2261 comparatione
692 2196 839 2262 sanguinis
852 2195 966 2246 Domini
983 2195 1073 2246 nostri
1089 2193 1179 2247 111111
1191 2194 1276 2246 cristi
1288 2196 1317 2247 61
1328 2193 1390 2247 illo·

168 2291 231 2330 rum
240 2277 393 2330 hominum
403 2275 623 2345 [penitentium],
635 2278 971 2342 quiseverberabant...»
981 2277 1055 2328 11111
1067 2277 1391 2341 continenti,antequam

170 2361 267 2426 posset
276 2358 361 2410 linire
373 2359 460 2410 verba
471 2373 532 2420 111,
545 2358 634 2424 aliqui
652 2361 751 2411 contra
763 2360 902 2411 rationem
922 2361 951 2411 et
963 2359 1195 2411 consuetudinem
1207 2359 1393 2412 surrexerunt

169 2440 339 2493 clamantes:
355 2461 368 2482 u
376 2439 504 2502 Domine,
512 2454 561 2491 vos
572 2439 647 2492 male
656 2440 725 2492 estis
736 2440 914 2502 informatus,
925 2441 993 2505 quia
1002 2441 1092 2492 irater
1100 2439 1249 2506 predicans
1258 2438 1328 2492 talia
1335 2455 1392 2494 uon

168 2523 249 2574 dixit
262 2545 275 2568 a
288 2523 327 2575 Et
338 2523 435 2573 statim
446 2536 544 2574 omnes
561 2521 616 2573 viri
634 2525 662 2574 et
680 2521 814 2574 mulieres
835 2525 973 2588 ceperunt
985 2535 1163 2575 murmurare
1174 2523 1204 2574 et
1220 2521 1343 2574 clamare
1362 2523 1393 2574 et

169 2608 269 2657 mutuo
279 2604 386 2665 dicere,
405 2605 480 2668 quod
498 2605 588 2656 irater
605 2604 755 2669 predicans
765 2603 836 2656 talia
846 2606 933 2656 verba
945 2605 1131 2658 condixerat.
1145 2603 1280 2670 Imposito
1297 2606 1393 2657 autem

168 2701 231 2739 cum
257 2699 365 2753 magna
382 2685 549 2738 difficultate
566 2685 695 2747 silencio,
713 2686 841 2751 dixitque
858 2688 949 2739 trater
966 2688 1109 2740 Robertus
1128 2687 1224 2740 volens
1241 2689 1392 2754 pacificare

167 2767 321 2834 populum:
336 2788 349 2811 α
360 2767 422 2834 Ego
434 2768 493 2821 dixi
511 2768 591 2820 vobis
600 2769 675 2834 quod
692 2768 780 2820 michi
794 2770 974 2820 commissum
988 2771 1041 2832 est,
1056 2771 1086 2823 et
1097 2783 1134 2822 ex
1145 2784 1201 2835 qno
1213 2770 1316 2823 tenetis
1328 2786 1393 2823 con·

168 2851 420 2913 111-1111111111
432 2853 484 2913 est,
497 2865 549 2904 nec
566 2851 716 2917 displiceat
734 2851 814 2902 vobis
833 2852 992 2904 observatio
1004 2852 1080 2914 fidei,
1093 2852 1161 2916 quia
1171 2854 1282 2919 tempus
1302 2856 1344 2905 est
1360 2855 1393 2906 ut

167 2949 221 3002 pax
232 2936 265 2988 et
288 2932 482 2998 tranquillitas
499 2934 636 2986 intervos
657 2945 754 2986 omnes
767 2934 941 2986 observetur.
954 2956 967 2979 s
985 2933 1022 2985 Et
1040 2947 1142 3000 parum
1154 2934 1320 3000 proficiebat
1331 2935 1393 3001 eJ'us

167 3018 313 3085 mitigatio
327 3018 356 3069 et
366 3016 489 3082 loquela,
511 3017 578 3082 quia
594 3015 715 3082 populus
732 3017 857 3068 surrexit
867 3017 1070 3068 murmurando
1081 3018 1111 3069 et
1129 3019 1228 3070 mutuo
1247 3031 1278 3071 se
1295 3033 1393 3085 provo·

167 3100 258 3152 11111
279 3098 418 3163 dicentes,
439 3100 513 3163 quod
531 3098 602 3151 talia
618 3099 788 3164 proveniunt
810 3097 845 3150 de
866 3099 1086 3151 mendicantium
1107 3099 1261 3153 ordinibus.
1278 3101 1316 3153 Et
1332 3103 1394 3153 tota

168 3181 219 3234 illa
229 3182 279 3234 die
291 3182 349 3234 luit
358 3183 460 3249 ingens
471 3181 609 3233 tumultus
621 3195 673 3246 per
683 3182 772 3232 totam
784 3181 927 3233 civitatem
938 3195 1024 3246 super
1040 3182 1130 3233 dictos
1142 3182 1256 3235 ordines
1267 3183 1297 3235 et
1307 3197 1393 3248 super

168 3269 260 3319 totum
278 3267 398 3318 olerum.
413 3265 561 3316 Dominica
573 3266 668 3316 autem
685 3264 824 3327 sequenti,
837 3264 915 3315 venit
926 3264 1029 3315 iterato
1041 3265 1184 3329 processio
1196 3265 1352 3317 communis
1363 3267 1394 3318 in

168 3347 278 3399 dictum
297 3346 511 3407 monasterium,
525 3346 555 3397 et
565 3346 670 3397 ibidem
693 3348 722 3398 in
748 3346 810 3397 loco
823 3347 974 3408 antedicto,
996 3347 1175 3410 presentibus
1191 3347 1343 3414 prepositis
1365 3350 1396 3400 et

166 3427 412 3496 gubernatoribus
423 3427 556 3490 civitatis,
569 3429 625 3479 luit
642 3424 665 3480 a'
677 3431 766 3480 iratre
777 3428 905 3480 Roberto
926 3429 1112 3494 predicatum,
1131 3429 1160 3481 et
1171 3428 1292 3494 populus
1309 3442 1395 3496 super

166 3511 366 3578 predicatione
388 3523 439 3561 sua
462 3509 670 3576 aliquantulum
692 3511 849 3577 mitigatus.
870 3512 931 3563 Nec
950 3513 995 3562 est
1019 3511 1292 3577 pretermittendum,
1320 3512 1395 3576 quod

167 3592 262 3644 dictus
279 3594 372 3643 irater
393 3592 518 3656 jacobita
538 3592 568 3642 in
585 3591 654 3643 villa
676 3593 711 3644 de
730 3592 920 3645 valenchenis
943 3591 1048 3643 similia
1070 3592 1143 3643 sicut
1160 3591 1190 3643 in
1212 3591 1341 3644 Tornaco
1367 3595 1397 3645 et

167 3674 311 3741 ampliora
334 3673 506 3738 predicante
527 3673 602 3725 unde
614 3675 729 3738 quidam
738 3673 837 3727 clerici
848 3674 971 3727 scolares
991 3675 1055 3740 post
1071 3686 1230 3726 sermonem
1241 3673 1357 3727 luerunt
1368 3675 1396 3727 ei

166 3760 360 3824 opponentes;
374 3757 424 3809 sed
436 3759 555 3824 propter
567 3759 743 3820 societatem,
756 3773 819 3810 cum
830 3772 887 3823 qua
896 3759 964 3819 ibat,
977 3759 1069 3822 ipsum
1080 3757 1160 3809 abire
1172 3757 1355 3822 dimiseruntq
1368 3758 1399 3809 et

167 3839 221 3892 hoc
233 3840 307 3891 scivi
324 3854 342 3891 a
359 3839 490 3905 pluribus
508 3840 615 3893 ibidem
635 3842 827 3906 presentibus.
847 3841 883 3895 Et
899 3842 941 3893 sio
958 3841 1026 3892 lecit
1039 3841 1068 3892 in
1079 3840 1209 3906 pluribus
1229 3839 1308 3901 locis,
1325 3839 1399 3891 sicut
1469 3895 1474 3910 ⁴

166 3923 341 3975 invenerunt
352 3921 396 3972 illi
409 3922 445 3974 de
453 3922 583 3974 Tornaco
595 3925 680 3987 atque
691 3923 842 3975 sciverunt.

201 4009 349 4070 Qtwmodc
368 4010 411 4064 illi
427 4010 605 4066 1111111111
622 4020 887 4081 sepreporacemnt
903 4011 941 4066 ad
954 4014 1138 4081 penitentiam
1153 4010 1245 4075 111111,
1256 4018 1288 4063 ut
1303 4010 1362 4063 clii.

197 4093 333 4147 Salvator
347 4096 445 4147 noster
454 4096 585 4148 dominus
597 4095 702 4148 ihesus
715 4094 833 4158 0111111,
844 4096 957 4162 quando
970 4097 999 4148 in
1017 4110 1088 4149 cena
1098 4095 1168 4150 lavit
1178 4096 1264 4160 pedes
1281 4107 1397 4146 suorum

166 4175 389 4242 discipulorum,
403 4177 477 4229 dixit
487 4178 545 4230 eis:
566 4198 579 4221 κ
592 4177 763 4244 Exemplum
776 4179 841 4231 dedi
852 4179 942 4241 vobis,
954 4180 987 4230 ut
997 4178 1232 4243 quemadmodum
1240 4178 1296 4230 teci
1307 4177 1396 4240 vobis,

166 4261 247 4313 itaet
256 4273 307 4310 vos
323 4261 445 4312 invicem
456 4261 579 4322 faciatis,
592 4261 700 4313 ethaeo
712 4265 755 4313 est
763 4260 933 4314 humilitatis
941 4262 995 4314 via.
1006 4283 1019 4306 s

200 4342 240 4394 Et
252 4341 277 4393 si
289 4342 425 4394 debemus
443 4344 478 4395 de
491 4345 572 4395 bonis
584 4357 696 4396 sumere
723 4343 862 4409 exempla,
883 4343 937 4394 hoc
955 4345 1077 4396 maxime
1089 4343 1124 4396 de
1143 4345 1240 4395 nostro
1252 4341 1396 4404 Creatore,

167 4423 238 4491 quia
249 4421 317 4488 plus
331 4425 450 4490 prosunt
463 4425 594 4491 exempla
605 4438 690 4490 quam
702 4426 804 4488 verbs3
816 4425 866 4477 sed
877 4426 963 4478 verba
974 4427 1058 4490 atque
1071 4425 1201 4492 exempla
1210 4424 1229 4477 J
1231 4425 1300 4477 heau
1312 4424 1397 4477 cristi

166 4506 327 4561 salvatoris
340 4506 430 4559 totum
440 4510 484 4560 est
492 4507 574 4561 nobis
592 4508 723 4561 omuibus
734 4508 769 4561 ad
777 4506 925 4561 medelam.
939 4506 1073 4561 videntes
1089 4509 1185 4562 autem
1197 4505 1397 4574 quamplurimi
