3188 5340
855 448 959 503 ANNO
976 447 1041 501 1324

622 643 653 655 -
665 615 723 668 066
741 615 808 668 61616
820 617 898 668 komt
908 630 978 668 voor
993 616 1024 669 in
1041 629 1094 670 een
1112 618 1234 670 vidimus
1245 617 1411 687 algeleverd
1422 621 1488 672 door
1496 618 1532 673 161

623 699 747 750 Luiksch
759 698 879 764 kapittel
889 714 925 765 op
937 699 1182 767 3Augustus1389
1193 713 1230 753 en
1248 701 1418 754 bevattende
1435 702 1532 755 661161

619 781 699 834 bevel
715 795 769 834 van
782 781 913 848 bisschop
924 781 1011 834 Adoll
1023 784 1130 837 vander
1139 784 1223 836 Maris
1235 783 1279 851 (24
1291 784 1415 838 October
1424 784 1502 850 lsai).

835 980 887 1049 sa
911 975 1040 1070 (6664).

371 1202 462 1275 1324,
489 1196 631 1267 October
652 1201 704 1275 21,
729 1196 864 1284 (nait).
892 1199 1069 1265 36661666
1088 1198 1261 1267 11611666
1278 1199 1337 1266 (166
1360 1200 1471 1282 Maris,
1489 1200 1538 1268 bis·

326 1303 426 1389 sehop
444 1323 514 1369 van·
526 1301 619 1378 Luik,
639 1302 767 1387 gericht
791 1307 841 1368 tot
858 1300 897 1368 de
913 1305 1065 1387 pastoors
1082 1303 1141 1369 der
1154 1303 1381 1390 Begijnhoven
1398 1326 1441 1372 en
1458 1306 1537 1373 total

326 1405 366 1473 de
393 1404 525 1491 overige
548 1404 761 1492 geestelijken
790 1424 852 1471 van
878 1406 943 1493 zijn
968 1403 1105 1484 hisdem,
1132 1406 1268 1495 waarbij
1286 1408 1332 1497 hij
1351 1407 1539 1475 verbiedtde
1584 1406 1586 1465 ἱ

325 1508 591 1595 rechtgeloovige
603 1509 760 1596 Begijnen
776 1529 841 1574 666
854 1506 1094 1576 St-Ghristoffel
1110 1510 1143 1576 16
1157 1509 1373 1593 (1616116616
1386 1512 1536 1591 66666161,
1584 1508 1586 1573 J

326 1614 510 1698 Tongeren,
543 1611 749 1688 Maastricht‚
775 1610 986 1691 St·Truiden‚
1012 1613 1158 1694 Lauren,
1184 1614 1319 1695 Tienen,
1346 1615 1537 1697 Ζ66116666,

326 1716 427 1794 111661,
454 1715 649 1794 3666111666,
677 1715 810 1782 Hasselt
838 1735 879 1781 en
908 1716 1075 1783 Aarschot
1102 1717 1136 1782 in
1166 1719 1269 1784 haren
1287 1738 1430 1804 persoon
1460 1718 1539 1785 ofin

328 1820 408 1886 hare
432 1818 594 1903 goederen
619 1826 653 1884 te
669 1822 914 1886 verontrusten.
937 1821 1040 1885 -116
1064 1819 1214 1908 bisschop
1238 1821 1413 1889 herinnert
1434 1842 1495 1889 666
1509 1821 1539 1888 (16

327 1921 520 2007 alsehaffing
544 1922 603 1988 der
633 1922 791 2009 Begijnen
817 1922 896 1988 door
920 1941 1001 2009 paus
1028 1922 1178 1990 Clemens
1202 1924 1235 1991 V
1263 1945 1303 1990 en
1329 1945 1393 1992 666
1421 1924 1461 1992 (16
1482 1923 1546 2004 bul,¹

326 2025 462 2112 waarbij
482 2025 574 2090 diens
587 2026 744 2112 opvolger
760 2046 840 2110 paus
856 2026 1541 2113 161166666ΧΧΙΙ,6616666(11611661616

327 2130 367 2196 de
383 2128 547 2196 Luilsscho
564 2129 721 2216 Begijnen
740 2128 986 2215 rechtgeloovig
1002 2129 1081 2217 zijn,
1112 2151 1174 2197 666
1197 2131 1381 2198 6616666616
1399 2151 1480 2199 6666
1495 2131 1543 2198 ha·

327 2254 387 2300 666
412 2232 532 2299 handel
550 2253 590 2298 en
615 2231 743 2298 wandel
776 2233 867 2300 heeft
894 2233 1194 2319 voorgesohreven.
1228 2235 1280 2302 Dit
1312 2235 1544 2302 onderzoelris

326 2336 442 2424 geheel
459 2336 492 2402 in
514 2337 596 2402 haar
608 2336 759 2401 voordeel
778 2335 991 2422 uitgevallen‚
1010 2336 1125 2403 zoodat
1141 2338 1181 2404 de
1196 2336 1349 2424 bisschop
1364 2328 1494 2405 16666611
1513 2337 1545 2404 (16

327 2444 454 2508 austera
470 2459 534 2506 van
558 2438 812 2525 bovengemelde
835 2439 1060 2527 Begijnhoven
1085 2441 1228 2508 alsmede
1252 2440 1334 2507 hare
1351 2439 1545 2528 bezittingen

326 2545 361 2610 in
377 2544 478 2611 vrede
494 2549 527 2610 te
539 2543 628 2609 laten
642 2563 683 2608 en
697 2543 777 2607 hare
791 2542 992 2609 aanranders
1010 2538 1042 2609 in
1059 2543 1121 2608 den
1137 2543 1200 2610 ban
1216 2543 1275 2610 der
1289 2545 1383 2611 Kerk
1396 2548 1432 2611 te
1446 2546 1546 2613 alaan.

328 2651 375 2716 De
386 2668 504 2714 namen
520 2647 578 2713 der
594 2644 856 2732 gebanvloekten
875 2652 1002 2712 mosten
1020 2645 1185 2733 openbaar
1202 2646 1424 2734 afgekondigd
1439 2669 1481 2716 66
1492 2668 1548 2714 666

328 2750 389 2817 (166
425 2749 575 2834 hisschop
607 2749 806 2838 schriltelijk
836 2749 1066 2834 medegedeeld
1099 2750 1247 2818 worden.
1286 2751 1548 2819 Ondertussohen

328 2860 457 2920 moeten
475 2853 515 2918 de
539 2854 698 2939 Begijnen
723 2860 837 2937 strong
861 2852 1040 2941 vermijden
1065 2873 1127 2920 van
1146 2852 1218 2920 zich
1242 2859 1310 2921 met
1325 2854 1366 2920 de
1382 2853 1550 2940 godsdien·

329 2957 414 3043 stige
426 2957 560 3024 twisten
577 2956 676 3022 harer
692 2955 847 3023 Duitsche
858 2963 986 3022 ’6661666
998 2957 1031 3022 16
1048 2962 1082 3023 16
1098 2956 1188 3023 16166
1204 2978 1245 3024 66
1262 2958 1310 3025 611
1326 2958 1411 3024 haar
1427 2957 1552 3025 midden

329 3059 455 3146 degens
468 3058 670 3138 verbannen‚
692 3058 743 3126 die
760 3058 993 3127 66116666166
1007 3060 1103 3127 (1666.

362 3209 518 3275 Adolphus,
537 3211 589 3262 Dei
601 3211 699 3277 gracia
717 3210 1207 3277 1661166616661666666,661666616
1230 3214 1390 3265 rectoribus
1406 3214 1553 3266 6166661116

328 3292 522 3359 ’8661166666
534 3304 643 3343 necnon
661 3306 760 3343 eorum
772 3292 945 3358 cappellanis
957 3309 990 3345 ac
1002 3294 1066 3346 aliis
1083 3296 1250 3360 presbiteris
1261 3298 1291 3347 et
1307 3295 1421 3349 clericis
1432 3297 1554 3350 civitatis

329 3379 358 3428 61
380 3375 501 3426 (11666616
526 3374 700 3436 Leodicnsis,
725 3375 760 3427 ad
780 3389 851 3438 quos
872 3379 1017 3440 presentes
1046 3376 1143 3428 littere
1170 3378 1362 3442 pervenerint,
1382 3377 1508 3431 salutem
1524 3380 1552 3432 in

332 3457 461 3511 Domino.

362 3540 496 3593 Intimato
507 3541 567 3606 jam
584 3540 691 3591 dudum
710 3540 824 3591 domino
845 3541 993 3603 Clementi,
1015 3543 1088 3593 bone
1105 3543 1243 3594 memorie
1261 3556 1333 3608 pape
1353 3544 1465 3608 661616,
1483 3545 1557 3610 quod

330 3625 452 3691 quedam
462 3626 544 3677 erant
554 3625 706 3689 presertim
723 3625 753 3674 in
764 3624 929 3676 Alemannis
947 3626 1075 3689 partibus
1093 3625 1237 3687 mulieres,
1251 3626 1381 3693 Beghine
1398 3627 1557 3695 vulgar-iter

333 3710 503 3772 nuncupate,
515 3719 635 3772 quarum
648 3706 742 3770 611666
754 3707 789 3757 (16
807 3721 916 3758 summa
933 3708 1060 3759 trinitate
1073 3711 1101 3759 et
1114 3709 1210 3760 divine
1226 3709 1355 3760 essencia
1365 3709 1514 3775 disputare
1531 3713 1559 3765 et

336 3792 423 3843 etiam
451 3790 600 3855 predicare
628 3790 705 3841 cirea
730 3789 865 3841 articulos
882 3804 994 3854 666666
1020 3791 1088 3842 fldei
1111 3793 1140 3843 et
1161 3791 1355 3843 ecelesiastica
1379 3797 1560 3847 sacramenta

338 3873 486 3939 opiniones
496 3872 589 3924 eidem
601 3873 667 3923 ndei
677 3873 834 3923 contrarias
847 3873 1026 3924 introducere
1038 3872 1247 3938 multorumque
1260 3873 1436 3938 simplicium
1447 3873 1559 3927 animas

334 3957 364 4007 in
382 3956 508 4007 diversos
530 3969 616 4020 super
636 3954 691 4006 hiis
712 3968 825 4006 errores
847 3955 992 4014 inducere,
1011 3958 1040 4007 61
1059 3955 1116 4007 6116
1135 3955 1225 4008 multa
1246 3954 1376 4020 pericula
1396 3956 1561 4009 animarum

334 4039 477 4104 parientia
498 4039 593 4090 tacere
611 4040 663 4089 sub
682 4040 777 4090 fucato
799 4038 957 4090 sanctitatis
974 4038 1113 4091 velamine
1131 4038 1340 4104 presumebant,
1357 4037 1468 4091 habens
1485 4040 1562 4093 idem

337 4122 468 4173 dominus
486 4120 616 4173 Clemens
628 4134 663 4172 ex
673 4121 818 4185 premissis
831 4123 860 4172 et
869 4120 933 4172 aliis
942 4122 977 4172 dc
986 4121 1069 4172 dictis
1081 4120 1248 4172 mulieribus
1265 4123 1434 4186 frequenter
1457 4122 1564 4175 auditis

335 4204 410 4270 ipsas
428 4219 484 4255 non
497 4203 615 4270 indigna
626 4204 737 4254 ratione
748 4207 904 4268 suspectas,
916 4205 1021 4254 statum
1038 4205 1164 4269 ipsarum
1180 4202 1388 4270 prohibendum
1399 4204 1486 4257 duxit
1503 4218 1563 4272 per

336 4290 421 4354 petuo
433 4288 463 4338 et
474 4300 492 4338 6
504 4285 557 4338 Dei
569 4284 690 4337 ecelesia
698 4285 811 4350 penitus
822 4286 1001 4346 abolendum,
1014 4286 1044 4336 in
1053 4284 1184 4350 illasque
1201 4286 1305 4338 statum
1322 4284 1489 4350 hujmmodi
1505 4289 1565 4354 jam

338 4372 512 4435 assumptum
524 4370 703 4421 sectarentur
714 4366 834 4420 ulterius
847 4369 896 4420 aut
907 4381 961 4433 que
973 4369 1008 4420 de
1020 4383 1092 4419 novo
1104 4366 1186 4420 illum
1198 4371 1383 4431 assumerent,
1396 4382 1565 4425 excommu-

334 4453 485 4508 nicationis
496 4451 666 4504 sententiam
675 4450 891 4517 promulgando.
907 4464 909 4468 ⁴

367 4535 550 4593 Postmodum
571 4536 667 4590 autem
687 4533 722 4589 ad
744 4533 914 4589 sanctissimi
936 4533 1097 4590 1601661616
1119 4533 1210 4606 patris
1231 4535 1260 4592 et
1280 4534 1388 4587 domini
1403 4534 1564 4603 iohannis,
