3188 5340
183 462 252 517 lar·
705 461 809 516 ANNO
826 460 888 514 1401

185 630 215 683 et
224 626 416 692 (ie-laboribus
426 625 522 681 vivero
534 627 564 680 in
573 627 727 692 communi,
737 627 804 680 dum
815 629 910 683 umen
920 641 976 680 nou
988 627 1150 691 mendicent
1159 643 1168 694 ς
1177 626 1269 685 etiam
1278 626 1357 694 quod
1363 639 1415 695 pru

185 713 313 781 tempore
323 709 430 764 habere
441 712 560 778 possunt
573 724 659 764 unam
671 709 717 764 vel
734 710 804 765 duas
815 711 920 778 probas
931 724 1077 777 personas,
1089 724 1161 777 quae
1171 711 1415 779 gubernationem

185 786 284 847 domus
301 792 433 856 habeant,
453 793 498 845 cui
515 791 561 846 vel
580 793 683 858 quibus
695 793 801 859 absque
817 794 1005 860 promissione
1022 794 1067 847 vel
1085 793 1264 861 obligatione
1285 794 1317 845 in
1333 792 1414 857 bonis

185 875 311 928 consiliis
335 875 380 928 vel
405 877 461 943 piis
486 876 600 927 monitis
628 876 818 941 acquiescant,
842 876 916 949 siout
939 876 1007 928 boni
1031 876 1156 929 scolares
1177 877 1321 942 magistro
1344 889 1411 936 suo;

185 959 316 1024 quodque
327 959 413 1010 etiam
425 957 503 1010 licite
515 959 624 1023 possint
635 957 721 1010 horas
733 958 869 1024 temporis
887 958 1022 1017 dividere,
1040 958 1111 1010 alias
1128 959 1240 1011 scilicet
1252 972 1307 1024 pro
1317 958 1409 1008 divino

184 1041 299 1094 servitio
311 1042 458 1105 deputare,
471 1041 503 1091 ut
513 1040 622 1093 scilicet
639 1041 739 1092 missas
757 1041 885 1103 audiant,
903 1041 1039 1093 ccclesias
1056 1042 1181 1103 visitent,
1199 1040 1331 1105 reliquas
1347 1053 1409 1091 vero

185 1137 237 1189 pro
246 1123 322 1175 victu
333 1124 363 1175 et
373 1123 476 1175 vestitu
489 1122 620 1174 laborent
631 1122 760 1187 aliasque
770 1124 858 1174 bonas
869 1124 1087 1177 consuetudines
1096 1126 1125 1177 et
1134 1125 1197 1189 pias
1208 1123 1409 1181 observantias,

185 1204 336 1257 dummodo
347 1206 489 1256 mansistis
502 1205 605 1256 divinis
616 1205 646 1257 et
657 1204 857 1257 ecclesiasticis
870 1219 927 1257 non
940 1207 1107 1268 contrarias,
1118 1206 1197 1258 licite
1207 1206 1360 1257 observare
1369 1219 1407 1266 ac,

185 1288 271 1353 prout
298 1300 396 1340 eorum
422 1285 624 1351 tranquillitati
649 1290 679 1338 et
698 1287 867 1339 concordiae
893 1287 938 1340 vol
965 1289 1059 1340 officio
1086 1289 1229 1355 congruit,
1256 1289 1406 1348 ordinum

186 1370 337 1422 dummodo
358 1371 451 1421 tamen
473 1382 574 1420 novam
591 1367 763 1435 religionem
783 1372 882 1422 contra
899 1371 974 1423 sedis
991 1370 1166 1436 apostolicae
1188 1369 1406 1435 prohibitionem

186 1466 242 1504 non
259 1452 409 1503 instituant
425 1463 477 1503 nec
496 1449 624 1503 habitum
643 1464 732 1503 novae
754 1451 903 1518 religionis
914 1455 943 1504 et
955 1452 1066 1518 reliqua
1077 1454 1177 1504 contra
1193 1453 1406 1518 extravagantes

184 1532 324 1596 iohannis
335 1532 420 1585 xxn
437 1547 493 1584 non
505 1534 651 1584 assumant
663 1547 715 1585 nec
726 1532 784 1585 alia
797 1533 907 1596 illicita,
918 1534 1063 1600 prohibita
1074 1533 1118 1587 vel
1131 1547 1254 1586 erronea
1262 1535 1403 1598 usurpent,

185 1616 236 1670 sed
255 1616 349 1681 potius
366 1628 397 1667 se
414 1615 535 1666 invicem
553 1614 682 1679 aliosque
699 1616 853 1668 secundum
870 1618 1053 1683 praeceptum
1071 1615 1269 1683 evangelicum
1286 1617 1404 1668 nutem

186 1698 365 1763 correptione
377 1698 509 1750 studeant
520 1698 555 1749 de
567 1696 676 1749 illicitis
686 1697 835 1763 increpare
847 1699 922 1751 etad
935 1699 1029 1750 omnia
1041 1698 1120 1751 licita
1131 1701 1161 1751 et
1176 1698 1299 1751 honesta
1315 1700 1345 1751 et
1358 1697 1403 1750 Dei

104 1823 109 1829 .
184 1780 332 1834 servitium
344 1779 399 1846 piis
411 1779 505 1831 verbis
517 1777 743 1832 etfamiliaribus
756 1779 906 1844 colloquiis
915 1781 1078 1843 admonere,
1091 1781 1230 1833 ecclesiae
1238 1779 1371 1845 praelatis
1380 1780 1405 1830 et

187 1863 292 1915 curatis
309 1860 457 1913 humiliter
474 1861 594 1926 subjecti
613 1864 643 1914 et
653 1863 820 1914 reverenter
831 1862 1005 1925 obedientes,
1019 1863 1130 1927 quibus,
1141 1865 1174 1914 ut
1182 1863 1327 1926 tenentur,
1336 1863 1402 1913 dum·

185 1946 265 1997 taxat
275 1958 326 1997 sua
336 1945 453 2010 peccata
465 1943 501 1994 ad
513 1945 606 1995 minus
619 1942 708 1996 semel
721 1945 750 1995 in
762 1945 1038 1997 annocentiteantur
1048 1961 1056 2007 ς
1068 1945 1301 1998 informationem
1317 1946 1401 1996 tamen

185 2028 210 2079 si
222 2027 371 2093 indigeant
386 2027 417 2077 in
435 2026 639 2077 tentationibus
650 2025 696 2077 vel
706 2027 886 2091 passionibus
899 2040 948 2079 seu
957 2027 1119 2080 excessibus
1131 2028 1255 2092 animae,
1267 2027 1401 2094 postuma

186 2121 363 2174 quocumque
375 2108 493 2174 experto
506 2108 581 2159 inter
597 2121 628 2159 se
640 2107 685 2159 vel
698 2111 780 2160 extra
791 2110 919 2175 recipere
932 2111 962 2161 et
977 2110 1019 2161 ita
1035 2123 1120 2161 causa
1131 2108 1244 2161 consilii
1255 2108 1302 2161 vel
1313 2106 1400 2161 auxilii

186 2189 272 2242 alicui
283 2205 340 2243 non
349 2191 490 2243 sacerdoti
502 2191 674 2242 tentationes
685 2189 730 2242 vel
743 2194 860 2256 peccata
869 2191 965 2244 dicere
976 2205 1027 2244 seu
1040 2191 1209 2257 simpliciter
1226 2193 1349 2258 aperire,
1360 2190 1399 2242 ubi

186 2273 281 2325 nectit
291 2271 432 2325 absolutio
444 2287 497 2324 neo
508 2273 701 2337 poenitentiae
713 2274 853 2338 injunctio
865 2288 918 2325 nec
935 2273 993 2326 alia
1009 2273 1237 2336 sacramentalia,
1249 2272 1398 2326 nullatcnus

186 2357 231 2407 est
241 2354 374 2407 illicitum
386 2353 429 2406 vel
439 2354 650 2421 reprobandum
661 2370 669 2419 ;
683 2357 770 2420 utque
782 2355 889 2408 erroris
901 2357 1011 2408 loveam
1019 2356 1122 2409 melius
1132 2357 1270 2419 devitent,
1279 2357 1401 2420 irequens

185 2439 231 2489 ter
239 2450 348 2490 sacram
361 2437 532 2502 scripturam
550 2438 579 2488 et
596 2434 685 2488 libros
703 2439 866 2489 sanctorum
878 2438 1049 2502 approbatus
1061 2440 1090 2490 in
1109 2439 1210 2490 Latino
1223 2452 1274 2490 seu
1286 2437 1398 2490 etiamin

183 2519 296 2586 vulgari
317 2520 393 2572 adito
406 2518 514 2586 legant,
527 2518 678 2570 dummodo
691 2521 791 2571 tamen
802 2519 944 2572 haeresim
956 2534 1014 2571 non
1026 2521 1199 2583 contineant,
1213 2521 1264 2573 sed
1277 2520 1313 2572 de
1323 2519 1397 2570 mate

186 2602 231 2652 ria
241 2601 326 2667 plana
337 2604 366 2652 et
378 2600 499 2665 simplici
511 2602 665 2653 secundum
677 2601 836 2654 doctrinam
850 2601 1072 2655 ecclesiasticam
1089 2603 1150 2654 sinc
1167 2614 1270 2653 vocum
1286 2600 1397 2653 novibte

186 2697 237 2736 seu
248 2684 400 2736 verborum
411 2684 576 2735 curiositate
588 2685 764 2748 pertractent
775 2686 804 2736 et
816 2698 928 2751 semper
946 2686 1130 2750 expertorum
1146 2685 1275 2736 virorum
1292 2680 1397 2735 consilia

185 2765 344 2830 requirant.

218 2848 353 2900 Distriote
364 2847 455 2914 igitur
466 2847 666 2912 praecipimus,
679 2848 710 2898 ut
722 2847 818 2899 nullus
830 2850 929 2901 contra
938 2851 1063 2902 nostram
1075 2849 1222 2902 licentiam
1233 2848 1394 2915 praedictum

184 2931 299 2981 modum
311 2930 422 2981 vivendi
434 2929 544 2980 licitum
556 2931 586 2981 et
604 2931 664 2982 Deo
683 2932 797 2995 gratum
815 2931 918 2985 audeat
929 2933 1097 2999 impugnare
1115 2945 1166 2984 scu
1183 2932 1259 2996 ipsas
1274 2941 1393 2996 personas

185 3013 332 3065 occasione
341 3012 561 3076 praemissorum
573 3012 786 3076 quomodolibet
795 3013 957 3066 molestare.
971 3014 1004 3065 In
1015 3027 1135 3077 quorum
1147 3014 1273 3064 omnium
1284 3013 1391 3066 tasum

184 3096 263 3146 nium
272 3093 399 3160 sigillum
410 3097 538 3145 nostrum
549 3095 681 3146 duximus
689 3096 886 3159 praesentibus
896 3097 1121 3161 appendendum.

217 3176 319 3228 Datum
327 3190 401 3228 anno
412 3176 526 3228 Domini
536 3175 610 3239 1401,
621 3177 727 3228 mensis
735 3177 843 3242 Aprilis
852 3179 898 3231 die
908 3178 1017 3231 ultima.

216 3258 251 3312 In
260 3272 382 3324 quorum
393 3259 519 3311 omnium
531 3259 725 3310 testimonium
735 3261 764 3310 et
774 3261 918 3313 munimen
930 3275 1065 3327 praesens
1077 3261 1222 3329 publicum
1233 3262 1388 3314 instrumen-

183 3343 244 3393 tum
264 3355 317 3406 per
337 3341 491 3392 discretum
511 3341 603 3393 virum
623 3339 810 3394 Wilhelmum
832 3343 958 3406 chrici,
983 3343 1119 3396 clericum
1143 3345 1236 3398 dictae
1261 3342 1385 3399 dioecete·

183 3422 328 3488 publicum
348 3422 491 3488 imperiali
517 3424 688 3475 auctoritate
715 3425 868 3488 notarium,
889 3426 1028 3477 subscribi
1049 3429 1078 3479 et
1098 3425 1187 3493 sigilli
1209 3427 1295 3480 officit
1315 3421 1385 3478 nostri

184 3506 357 3572 appensione
366 3506 486 3558 lecimus
499 3506 614 3557 muniri.

215 3586 447 3642 Actasunthaec
466 3589 496 3639 in
516 3588 637 3641 ecclesia
656 3590 803 3654 praedicta
825 3604 898 3642 anno
921 3591 1035 3643 Domini
1056 3589 1129 3655 1401,
1153 3591 1306 3644 indictione
1321 3597 1384 3644 nont

143 3677 145 3682 '
184 3671 339 3723 secundum
363 3671 470 3732 stilum,
490 3684 573 3722 usum
595 3673 634 3723 et.
650 3705 656 3720 .
675 3672 798 3723 civitatis
816 3675 846 3724 et
868 3674 1005 3724 dioecesis
1026 3673 1217 3738 'l'rajectensis
1237 3672 1384 3739 praecisus

185 3754 290 3807 mensis
302 3753 424 3819 Augusti
436 3754 483 3805 die
493 3752 535 3815 26,
548 3753 620 3806 hora
631 3767 832 3818 versperarum
844 3755 887 3806 vei
902 3756 992 3819 quasi,
1005 3756 1188 3822 pontificatus
1198 3749 1384 3808 sanctissimiil¹

184 3834 296 3887 Christo
306 3835 395 3900 patris
407 3850 440 3887 ao
451 3836 558 3887 domini
568 3836 657 3887 nostri
669 3836 776 3887 domini
789 3837 929 3888 Bonilacii
941 3838 1037 3889 divina
1053 3837 1232 3903 providentia
1243 3849 1328 3903 papae
1336 3827 1386 3886 noni

184 3931 258 3969 anno
272 3916 326 3980 120,
337 3918 534 3982 praesentibus
551 3918 762 3970 venerabilibus
774 3921 803 3970 ot
820 3919 951 3970 discretis
964 3920 1034 3971 viris
1047 3920 1169 3971 dominis
1180 3934 1214 3972 ac
1231 3917 1387 3987 magistra..

184 4000 331 4065 Lubberti,
344 4001 490 4062 canonico,
511 4002 541 4052 et
558 3999 690 4053 iohanne
711 4003 759 4051 ten
778 4002 875 4062 Bome,
894 4003 1000 4053 vicario
1022 4001 1158 4055 ecclesiae
1178 4003 1269 4054 sancti
1289 3993 1388 4055 mauu

184 4082 356 4149 praedictae,
369 4097 402 4135 ac
414 4082 538 4134 Henrico
549 4084 594 4134 ter
605 4083 725 4143 Porten,
739 4083 812 4134 laico
825 4084 917 4136 dictae
927 4085 1075 4146 dioecesis,
1086 4085 1205 4136 testibus
1215 4084 1271 4136 tide
1283 4083 1390 4150 dignis

217 4163 255 4219 Et
266 4177 320 4231 ego
332 4162 504 4216 Wilhelmus
516 4165 646 4230 Hernici,
664 4165 785 4217 clericus
803 4165 994 4230 'l'rajeetcnsis
1012 4167 1159 4227 dioecesis,
1176 4165 1307 4232 publicus
1317 4166 1394 4231 impe

184 4245 251 4315 ripli
262 4246 433 4299 auctoritate
445 4248 476 4299 et
484 4247 630 4299 ordinaria
641 4247 813 4300 admissione
822 4244 992 4310 notarius,..'.
1012 4250 1067 4301 etc.

446 4352 566 4407 Arohiel
585 4369 638 4406 van
668 4352 718 4406 bet
740 4354 928 4408 aartsbisdom
953 4354 1085 4418 Utreoht,
1111 4341 1327 4421 oorsponlsellik
1349 4367 1404 4422 per

480 4436 597 4490 kament
619 4437 769 4504 draganda
787 4439 833 4490 ter
854 4439 1021 4506 ruggenijtle
1043 4437 1093 4491 hat
1109 4437 1261 4504 opsohrilt:
1283 4437 1404 4491 «Trans

478 4521 622 4584 sumptum
650 4533 715 4573 oum
741 4520 838 4587 sigillo
867 4520 997 4574 officialis
1023 4520 1246 4585 Darentriensis,
1266 4522 1303 4576 da
1328 4523 1408 4576 modo
