3188 5340
686 518 790 573 ANNO
808 518 872 571 1424
1340 524 1396 580 '259

205 710 220 737 a
233 687 375 741 Martinus
383 685 543 752 episeopus,
553 695 655 736 seruus
664 695 813 735 seruorum
831 681 893 744 Dei,
903 682 1061 735 venerabili
1074 683 1207 752 episeopo
1220 687 1393 744 Lauinnensi

169 772 200 825 et
210 770 317 823 dilecto
329 768 389 820 ulio
398 766 526 819 heretice
537 765 688 832 prauitatis
700 765 730 815 in
739 765 857 816 ciuitate
868 765 898 816 et
906 765 1012 817 diocesi
1024 765 1198 819 Lausanensi
1221 769 1395 837 inquisitori,

167 853 293 906 salutem
305 851 335 904 et
345 848 530 916 apostolicam
542 846 778 899 benedictionem.

203 958 218 981 π
229 934 310 991 Inter
321 933 472 1000 precipuas
484 930 678 983 solicitudines
691 952 714 992 n,
725 931 780 981 etc.
793 929 852 995 (zie
864 942 915 981 ons
928 939 957 981 nr
971 929 1026 993 147,
1039 930 1092 983 blz.
1104 930 1175 999 253.)

204 1019 278 1071 Cum
290 1020 396 1077 autem,
406 1016 481 1067 sieut
489 1026 580 1080 nuper
598 1027 653 1064 non
676 1013 738 1065 sine
752 1012 922 1072 vvehementi
945 1013 1136 1067 admiracione
1153 1018 1236 1084 graui
1258 1020 1288 1071 et
1304 1020 1398 1073 cordis

171 1100 360 1168 displicencia
372 1098 562 1165 percepimus,
575 1095 643 1150 licet
654 1098 765 1161 pretate
776 1094 872 1147 littere
886 1096 961 1147 dicto
973 1097 1106 1163 episcopo
1118 1100 1147 1150 et
1163 1101 1215 1153 tibi
1235 1106 1399 1166 presentata

170 1185 231 1236 iam
242 1186 320 1245 sunt,
330 1179 413 1233 multi
425 1192 537 1231 menses
549 1179 716 1240 extiterunt,
729 1179 758 1229 et
775 1178 924 1242 episcopus
935 1178 996 1243 ipse
1010 1179 1118 1243 pluries
1127 1181 1255 1247 pulsatus
1266 1188 1296 1236 et
1304 1190 1399 1252 requi·

170 1266 245 1315 situs
257 1263 356 1322 luerit,
365 1263 395 1312 at
413 1263 448 1315 ad
460 1263 658 1315 executionem
670 1262 811 1313 dictarum
822 1260 984 1312 litterarum
996 1264 1024 1314 et
1033 1266 1232 1316 contentorum
1249 1268 1279 1318 in
1291 1269 1398 1322 eisdem

170 1346 253 1398 iuxta
264 1346 392 1412 ipsarum
403 1346 612 1397 continenciam
624 1348 652 1397 et
662 1346 791 1396 tenorem
800 1344 955 1408 procedere
964 1358 1018 1395 vua
1029 1347 1122 1396 tecum
1131 1347 1294 1415 vellei,ipse
1303 1353 1398 1405 tamen

171 1429 335 1494 episcopus,
348 1440 383 1479 eo
395 1427 472 1492 quia,
482 1427 600 1489 vtdicit,
614 1425 711 1495 dilecti
720 1425 774 1476 filii
790 1424 930 1477 lobannis
942 1426 977 1477 de
994 1426 1119 1493 Vestina,
1140 1431 1269 1491 canonici
1285 1431 1399 1493 ,Tqrna-

171 1511 279 1574 censis,
303 1510 518 1576 expedicionem
539 1509 701 1562 huiusmodi
721 1509 796 1575 apud
813 1522 878 1560 eum
898 1510 928 1560 et
946 1509 1112 1572 frequenter
1132 1510 1319 1576 sollicitantis,
1343 1529 1399 1568 non

171 1593 299 1656 intersit,
308 1592 461 1657 aliquando
482 1606 549 1646 vero
559 1594 677 1659 propter
688 1592 885 1644 infirmitatem
902 1593 1039 1657 grauatus
1050 1592 1199 1646 intendere
1219 1608 1276 1646 non
1293 1595 1399 1659 valens,

172 1676 329 1742 aliquando
341 1677 521 1741 autemquia,
533 1677 562 1727 vt
578 1675 669 1727 eciam
689 1676 738 1737 ait,
762 1674 873 1726 dubitat
895 1675 993 1740 populi
1013 1677 1246 1739 commocionem,
1269 1679 1400 1742 quamuis

172 1761 325 1826 episcopua
334 1758 524 1812 Lausanenaia
535 1771 587 1823 pro
605 1760 733 1822 tempore
743 1758 869 1808 existens
881 1758 1011 1809 domiuus
1023 1759 1061 1808 sit
1076 1759 1266 1822 spiritualiter
1286 1762 1315 1812 et
1328 1762 1400 1813 tem·

171 1841 315 1910 poraliter
331 1842 456 1895 ciuitatis
467 1840 706 1902 Lausanensis‚et
729 1839 849 1891 dilectus
866 1840 943 1891 filius
963 1840 1067 1891 nobilis
1092 1841 1137 1892 vir
1158 1842 1309 1904 Amedeua,
1343 1844 1400 1896 dux

171 1925 327 1988 Sabaudie,
338 1923 417 1976 velut
426 1923 519 1976 tidelia
528 1921 637 1975 athleta
649 1924 678 1974 et
688 1921 769 1988 pugil
783 1921 903 1974 ecclesie
912 1936 945 1974 ae
955 1921 1088 1974 heresum
1105 1925 1134 1974 et
1150 1935 1281 1976 errorum
1293 1923 1400 1975 aduer-

170 2022 221 2059 sus
233 2005 445 2059 immaculatam
465 2006 551 2057 fldem
562 2005 722 2070 intrepidus
734 2005 877 2069 defensor,
890 2018 920 2056 se
932 2005 1025 2057 eidem
1037 2007 1170 2071 episcopo
1182 2008 1212 2058 et
1225 2006 1277 2057 tibi
1297 2007 1327 2058 in
1346 2005 1401 2058 hoe

171 2092 203 2143 et
213 2091 271 2142 sibi
283 2092 417 2144 assistere
425 2092 454 2140 et
462 2090 563 2142 iuuere
575 2102 608 2141 ac
617 2088 755 2141 auxilium
767 2091 796 2139 ct
804 2089 937 2139 iuuamen
949 2090 1069 2153 prebere
1082 2087 1228 2151 obtulerit,
1247 2089 1400 2141 occasioni·

169 2172 227 2225 bus
239 2172 359 2238 sumptis
368 2185 418 2225 seu
429 2171 501 2224 alias
512 2172 727 2237 expedicionem
738 2172 858 2222 eandem
870 2170 1014 2235 hucusque
1032 2172 1061 2223 in
1074 2172 1141 2224 ildei
1154 2170 1293 2223 catholice
1305 2171 1399 2222 detri-
1475 2170 1478 2177 '

171 2257 304 2307 mentum
322 2253 468 2320 dilatauit;
481 2269 543 2317 nos,
556 2255 778 2315 considerantes,
792 2253 867 2318 quod
878 2253 982 2305 dilacio
991 2254 1020 2304 in
1030 2256 1109 2305 tanto
1119 2253 1186 2306 ildei
1199 2253 1318 2320 negocio
1326 2254 1401 2318 peri-

171 2337 275 2390 culosa
285 2336 315 2391 et
326 2336 481 2404 dampnosa
492 2338 600 2402 existit,
618 2338 647 2389 et
663 2336 791 2389 volentes
811 2335 847 2388 de
864 2336 990 2388 remedio
1010 2337 1163 2401 prouidere
1184 2338 1334 2400 oportuno,
1346 2335 1401 2386 dis-

163 2420 298 2473 cretioni
309 2421 358 2475 tue
367 2423 467 2473 tenore
476 2420 655 2487 presencium
673 2420 885 2482 committimus,
894 2421 1033 2482 quatenus
1044 2420 1124 2484 prius
1135 2419 1247 2483 pretate
1270 2419 1286 2471 J
1289 2416 1401 2472 ohanne

170 2503 209 2555 de
220 2502 341 2555 Vestina
353 2503 445 2567 quoad
453 2516 577 2567 oaumm,
588 2504 617 2554 et
629 2501 778 2554 Nicolaum
789 2503 820 2553 in
833 2503 998 2569 preinsertis
1015 2502 1120 2553 nostris
1142 2500 1247 2553 littcria
1267 2515 1401 2567 expresse

170 2585 334 2647 dencmtos,
344 2587 393 2638 aut
409 2585 511 2651 alio(l)
522 2584 579 2653 [dc]
590 2600 645 2651 quo
655 2586 708 2636 tibi
721 2585 812 2636 visum
824 2587 913 2638 tuerit
933 2586 962 2636 in
975 2586 1177 2651 promotorem,
1201 2585 1401 2651 instigatorem

170 2680 224 2719 seu
237 2669 453 2733 procuratorem
465 2680 549 2720 cause
567 2667 634 2719 fidei
655 2666 816 2718 huiusmodi
829 2668 974 2732 deputato,
999 2668 1029 2718 et
1050 2667 1126 2718 dicto
1146 2667 1279 2732 episcopo
1299 2682 1352 2733 pro
1372 2668 1401 2719 te

169 2749 324 2813 requisito,
337 2748 432 2816 siipse
444 2752 479 2803 ad
500 2751 715 2817 expedicionem
728 2749 890 2802 huiusmodi
912 2750 1007 2801 tecum
1030 2749 1223 2802 concurrendo
1245 2751 1401 2815 procedere

170 2845 232 2884 non
244 2833 336 2897 possit
346 2834 396 2885 aut
404 2832 485 2896 nolit,
498 2835 529 2886 tu
537 2834 616 2887 solus
627 2836 662 2888 de
675 2834 794 2889 consilio
806 2836 976 2900 peritorum,
986 2832 1021 2885 de
1035 2834 1137 2898 quibus
1148 2833 1235 2885 etiam
1246 2833 1299 2885 tibi
1309 2834 1400 2885 visum

168 2914 274 2977 tuerit,
286 2913 324 2967 ad
331 2915 449 2968 breuem
458 2918 487 2968 et
498 2916 621 2970 celerem
633 2919 848 2984 expedicionem
866 2919 895 2970 et
912 2916 1108 2969 executionem
1122 2914 1229 2969 realem
1251 2918 1400 2968 contento·

170 3010 241 3049 rum
260 2997 291 3049 in
302 2997 407 3049 nostris
418 2999 501 3051 dictis
513 3002 680 3065 preinsertis
698 3002 811 3064 litteris,
831 3002 861 3053 in
885 3001 996 3064 quibua,
1017 3000 1131 3051 verbis:
1154 2999 1353 3064 «postmodum
1368 3000 1400 3050 in

170 3082 277 3135 eodem
284 3082 406 3135 concilio
415 3095 451 3135 ex
460 3083 547 3135 simili
556 3085 755 3136 commissione
767 3085 934 3136 confirmata
943 3106 966 3146 n,
977 3083 1089 3143 amotis,
1100 3081 1216 3132 illorum
1224 3079 1287 3131 loco
1299 3081 1399 3134 addas:

173 3185 188 3209 ·
197 3166 230 3217 in
249 3164 400 3218 Floreneia
411 3179 447 3218 ex
465 3169 563 3218 nostra
572 3168 770 3219 commissione
782 3167 948 3218 confirmata
958 3188 983 3231 n,
997 3166 1079 3231 J‘uxta
1099 3166 1225 3230 ipsarum
1238 3162 1400 3218 litterarum

170 3247 383 3301 continenciam
394 3249 422 3301 et
431 3249 569 3310 tenorem,
581 3252 666 3315 prout
677 3250 748 3302 iuris
757 3250 845 3302 fuerit
857 3251 885 3301 et
895 3250 1019 3301 racionis
1032 3247 1152 3300 indilate
1163 3247 1310 3312 procedas,
1322 3250 1400 3300 cuiu-

171 3330 235 3383 suis
252 3328 456 3396 appellaoionis
468 3331 575 3383 reiecto
588 3331 744 3394 obstaculo,
767 3332 908 3382 inuocatis
929 3331 964 3383 ad
974 3330 1037 3392 hoe,
1051 3330 1076 3381 si
1094 3344 1165 3395 opus
1177 3329 1275 3391 tuerit,
1295 3332 1400 3395 prelati

172 3412 257 3466 ducis
274 3414 305 3465 et
320 3412 473 3465 cuiuslibet
483 3412 602 3466 alterius
614 3427 647 3466 ae
667 3427 901 3478 quarumcunque
923 3426 1111 3479 personarum
1132 3411 1400 3476 ecclesiasticarum,

173 3496 269 3549 eciam
280 3495 412 3547 ordinum
427 3496 660 3558 mendicantium,
673 3495 856 3548 brachiorum
869 3495 994 3548 auxiliis.
1005 3496 1068 3565 Non
1090 3495 1266 3546 obstantibus
1286 3497 1401 3559 priuile-

173 3577 441 3645 giia,indnlgenciis
451 3579 481 3631 et
490 3578 595 3632 litteris
606 3579 770 3645 apostolicis
779 3577 824 3630 vel
834 3579 980 3643 quibusuis
990 3577 1180 3640 aliis,necnon
1193 3578 1323 3631 omnibus
1335 3578 1400 3640 hiis,

173 3659 479 3725 queindictisnostria
490 3662 658 3727 preinsertis
669 3661 774 3713 litteris
794 3659 935 3712 voluimus
952 3675 1008 3711 non
1026 3661 1139 3711 obstare
1156 3657 1271 3719 litteris,
1291 3661 1320 3715 et
1337 3658 1401 3710 aliis

170 3741 330 3794 cannariis
341 3742 569 3806 quibuscunque.
587 3743 645 3795 Nos
654 3745 731 3794 euim
743 3742 877 3807 quicquid
889 3743 918 3793 in
928 3743 1073 3806 premissis
1085 3740 1190 3806 egeris,
1203 3741 1297 3791 ratum
1316 3739 1401 3792 habe-

173 3824 272 3876 bimus
289 3825 375 3888 atque
386 3827 512 3891 gratum,
522 3824 609 3889 idque
620 3826 757 3877 iaciemus
767 3827 882 3876 auctore
895 3825 1015 3875 Domino
1028 3821 1235 3875 inuiolabiliter
1246 3823 1401 3876 observari.

172 3904 222 3959 Tu
231 3906 328 3975 umen
339 3904 526 3972 taliterJuxta
535 3907 630 3959 datam
639 3908 692 3959 tibi
704 3920 722 3959 a
734 3908 855 3958 Domino
867 3907 1051 3972 prudenciam
1063 3907 1093 3956 in
1101 3905 1247 3971 premissis
1259 3903 1365 3956 habere
1375 3909 1403 3956 te

173 3987 305 4052 studeas,
319 3988 395 4053 quod
407 3987 584 4056 deprompta
606 3990 774 4043 obediencia
793 3989 985 4041 commendari
1006 3990 1035 4040 ot
1051 3988 1086 4040 de
1103 3987 1284 4055 negligencia
1303 4000 1403 4059 repre-

170 4068 268 4125 hendi
275 4070 395 4125 minime
404 4072 553 4125 merearis.

208 4320 536 4391 (llllegebeelevoiain
548 4322 574 4373 ia
596 4322 718 4387 duister;
738 4319 864 4373 wellicht
886 4321 963 4372 moet
982 4333 1046 4371 men
1067 4317 1165 4371 lezen:
1190 4318 1275 4369 Prius
1292 4318 1404 4382 pretato

164 4405 314 4465 somme
324 4406 361 4459 de
371 4404 500 4469 Vestina,
510 4405 604 4470 quoad
616 4418 731 4457 causam
742 4405 770 4456 et
783 4401 932 4454 Nicolaum
944 4403 974 4453 in
985 4402 1152 4467 preinsertis
1175 4400 1280 4451 nostris
1300 4398 1404 4450 litteris

163 4498 316 4559 mmo
326 4486 485 4551 monus.
494 4485 621 4551 autulio,
630 4486 666 4540 de
675 4500 731 4552 quo
741 4486 793 4538 tibi
805 4485 896 4537 visum
911 4484 1008 4546 luerit,
1020 4484 1049 4534 in
1062 4483 1265 4547 promotorem,
1289 4482 1403 4547 instiga·

163 4576 275 4631 tom
290 4571 570 4643 uncinarem
579 4583 664 4627 cauae
676 4569 744 4625 tidei
755 4568 927 4632 huiusmodi,
937 4567 1082 4633 deputato,
1101 4566 1155 4618 cte.
