3188 5340
291 456 339 511 168
811 454 914 510 lituo
935 453 999 507 leur

231 630 237 641 “
288 626 319 678 in
330 622 389 675 suis
403 620 537 687 hospiciis
554 618 754 673 conuerssutes
765 619 955 686 penitenciam
972 631 1060 686 egere
1070 620 1170 673 volunt
1191 623 1221 673 et
1230 621 1368 675 virtutum
1390 623 1520 677 Dom'um

289 709 319 760 in
330 705 498 759 humilitatis
520 704 621 770 spiritu
642 705 769 768 seruire;
788 701 957 765 talesenim‚
971 703 1025 755 nisi
1046 702 1142 766 fallor,
1165 706 1232 757 sunt
1255 705 1386 773 Beghine
1415 706 1522 759 harum

289 791 426 857 parcium,
444 790 473 840 et
484 776 583 839 talium'
600 786 781 837 conuersacio
794 787 838 838 est
855 785 940 838 hodie
952 798 1086 851 expresse
1098 788 1255 852 approbata
1267 801 1318 840 seu
1331 789 1479 854 permissa
1488 790 1520 854 jn

289 873 493 938 extrsuagente
506 869 652 921 Benedicti
664 870 713 934 xij,
726 882 781 933 quc
792 869 893 933 incipit
906 868 990 922 Recto
1002 869 1078 919 racio
1094 883 1152 921 non
1159 871 1279 936 potitur.
1303 870 1340 923 Et
1353 873 1398 923 est
1416 871 1523 923 consti·

288 956 364 1008 tucio
376 952 565 1005 declaratoria
581 951 707 1016 predicte
720 951 895 1003 Clementiae
906 966 913 1013 3
937 964 1003 1002 uam
1016 951 1186 1004 Benedictus
1207 953 1275 1017 xij⁰⁸
1295 952 1454 1019 Beghinus,
1466 966 1523 1018 que

288 1036 402 1091 insimul
427 1035 587 1088 habitantes
616 1035 703 1085 vitam
728 1035 835 1087 ducunt
858 1033 1018 1095 honestam,
1041 1033 1177 1086 ccclesias
1200 1034 1304 1086 denoto
1324 1036 1523 1100 frequentant,

290 1119 455 1186 dyocesanis
466 1117 593 1168 locorum
610 1130 643 1168 ac
654 1116 878 1181 parrochialium
896 1114 1083 1168 ecclesiarum
1095 1103 1256 1169 rectoribus
1269 1120 1441 1171 reuerenter
1459 1119 1525 1170 obe·

291 1204 373 1256 diunt
382 1203 411 1254 et
422 1199 615 1252 curiositatem
627 1199 789 1264 disputandi
800 1199 878 1250 circa
887 1198 1022 1251 articulos
1033 1199 1100 1251 ildoi
1111 1213 1166 1251 non
1180 1200 1320 1265 usurpant
1332 1213 1386 1252 nec
1394 1201 1434 1252 de
1445 1213 1525 1253 erro·

291 1287 370 1339 ribus
379 1286 408 1336 in
420 1285 496 1334 dicta
507 1282 683 1334 Clementina
699 1282 849 1346 descriptis
867 1284 934 1333 sunt
951 1284 1092 1347 suspecte,
1104 1283 1157 1333 sub
1174 1282 1375 1347 prohibicione
1393 1283 1527 1336 ciusdem

293 1367 467 1422 clementino
484 1363 608 1417 declarat
620 1363 677 1416 n'on
689 1363 805 1425 includi,
819 1364 1003 1429 iniungitque
1016 1364 1169 1428 ordinariis
1187 1365 1326 1429 locorum,
1345 1366 1424 1431 quod
1436 1377 1487 1417 ens
1496 1366 1526 1417 iu

293 1451 374 1503 honis
385 1451 414 1501 et
423 1448 535 1513 juribus
552 1449 678 1512 ipsarum
689 1447 869 1508 conseruent,
884 1461 949 1498 cum
961 1447 1162 1513 iuuocacione,
1173 1449 1198 1499 si
1216 1463 1286 1514 opus
1297 1449 1398 1511 tuerit,
1411 1447 1524 1513 braohlj

292 1531 427 1585 secularis
439 1529 547 1594 auxilii,
568 1531 597 1580 et
608 1529 693 1594 ljdcm
705 1529 840 1593 ordinarij
860 1542 958 1581 curam
981 1529 1154 1596 peruigilem
1172 1529 1296 1583 habeant
1309 1545 1397 1597 super
1412 1544 1478 1593 eas,
1490 1543 1527 1583 ue

293 1614 438 1681 premissis
449 1611 594 1664 erroribus
611 1626 642 1663 se
654 1610 811 1673 inuoluant,
824 1613 909 1676 prout
925 1612 955 1662 in
973 1611 1049 1664 dicta
1069 1614 1275 1679 extrauagante
1295 1614 1425 1666 noscitur
1436 1615 1526 1667 serio·

296 1698 355 1752 sius
366 1697 516 1751 contineri.

328 1781 450 1845 Propter
461 1778 545 1843 quod,
555 1775 660 1828 iudicio
673 1789 745 1838 meo,
759 1774 808 1827 ille
821 1775 962 1838 dominus,
976 1775 1024 1840 qui
1036 1776 1183 1843 satagitin
1204 1776 1264 1829 suis
1281 1778 1465 1831 sermonibus
1482 1779 1529 1832 uel

295 1863 408 1928 scriptis
419 1861 524 1913 statum
536 1857 730 1925 Begbinarum
742 1860 877 1922 tanquam
885 1858 1079 1922 perniciosum
1090 1858 1137 1911 uel
1147 1859 1345 1913 detectuosum
1358 1862 1530 1928 reprobare,

296 1943 456 1998 oonsulcins
474 1942 591 2005 laceret,
615 1941 639 1992 si
660 1954 677 1992 a
700 1939 750 1991 tali
777 1940 1020 2006 dogmatiaacione
1043 1938 1185 1992 lubricam
1209 1941 1308 2009 lingue
1328 1942 1483 1997 cohiberet
1501 1947 1531 1997 et

216 2025 218 2029 ⁴
298 2027 406 2081 minino
418 2024 567 2076 silencium
575 2023 744 2089 imponeret,
754 2021 799 2075 vel
810 2023 834 2072 si
848 2023 902 2073 sibi
916 2021 1043 2088 placeret
1054 2035 1187 2075 excessus
1199 2037 1307 2088 earum,
1320 2026 1345 2077 si
1357 2027 1408 2090 qui
1420 2028 1527 2090 forent,

299 2109 449 2174 ordinariis
460 2106 587 2158 locorum
599 2105 783 2172 corrigendos
797 2105 932 2166 deterret,
944 2118 979 2157 ne
991 2118 1043 2171 per
1053 2106 1194 2159 incautam
1211 2107 1390 2161 locucionem
1405 2110 1526 2171 maiora.

300 2207 355 2259 que
366 2193 402 2244 ad
413 2191 475 2243 eius
486 2189 701 2254 correpcionem
710 2202 766 2239 non
779 2189 916 2253 spectant,
934 2189 1122 2253 presumendo
1131 2191 1262 2242 videatur
1274 2191 1304 2242 in
1312 2189 1406 2243 celum
1417 2205 1527 2257 ponere

300 2291 332 2329 os
343 2288 425 2329 suum
437 2272 536 2339 lingua
544 2273 605 2324 eius
622 2272 787 2323 transeunte
796 2284 884 2337 super
893 2272 1000 2323 terram
1018 2273 1118 2324 contra
1129 2273 1158 2324 id
1175 2273 1250 2338 quod
1262 2273 1371 2340 legitur
1387 2275 1449 2340 xxj.
1462 2275 1489 2326 d.
1500 2288 1527 2326 c.

299 2357 459 2418 lemurum,
469 2368 533 2407 cum
544 2354 631 2407 iacile
642 2354 677 2405 ad
689 2354 796 2404 dictum
814 2354 899 2405 unius
919 2355 1054 2418 sequatur
1071 2354 1222 2408 multitudo
1243 2357 1273 2408 et
1291 2357 1481 2422 pertrahatur
1497 2358 1527 2409 iu

300 2454 428 2496 errorem
443 2440 523 2491 iuxta
539 2436 609 2489 illud
630 2437 731 2502 poete:
752 2437 839 2488 Fama
860 2435 972 2502 repleta
998 2437 1080 2489 malis
1096 2437 1222 2492 velocius
1246 2437 1342 2491 euolat
1363 2439 1528 2506 alis31ama

302 2525 368 2577 boni
388 2523 465 2575 lente
481 2519 569 2583 uolat,
590 2519 700 2571 inuidia
719 2519 871 2571 renitente.
895 2519 982 2571 Notat
1001 2518 1178 2572 Guilhelmus
1196 2520 1232 2572 de
1256 2519 1354 2573 Monte
1376 2521 1526 2583 bendum,

302 2609 392 2661 extra.
413 2606 449 2657 de
468 2602 629 2670 priuilegljs
651 2615 677 2652 c.
695 2615 782 2667 super
803 2603 891 2652 verbo
914 2599 1090 2654 Detrcbctur
1101 2601 1131 2653 in
1144 2601 1345 2668 Clementinis3
1367 2605 1418 2655 ubi
1435 2603 1529 2656 eciam

302 2690 405 2743 recitat
419 2687 465 2740 Jo.
478 2685 550 2738 And.
572 2683 698 2736 Tullium
716 2683 821 2735 dixisse
842 2683 878 2735 ad
891 2683 1066 2736 Salustium:
1085 2685 1158 2751 sepe
1175 2685 1233 2736 vidi
1244 2686 1363 2753 mulus
1380 2685 1528 2739 offendere

303 2770 412 2822 animos
424 2765 585 2819 auditorum
593 2777 651 2826 eos,
661 2764 710 2828 qui
722 2762 817 2815 aliena
824 2763 900 2816 vicia
918 2765 1016 2829 aperte
1027 2763 1171 2827 dixerunt,
1183 2778 1268 2829 quam
1284 2765 1396 2830 eosqui
1412 2766 1528 2818 commi·

304 2851 420 2916 serunt3
443 2849 599 2901 deteriores
617 2847 695 2899 enim
720 2849 793 2909 sunt,
824 2847 872 2911 qui
899 2847 1038 2898 bonorum
1055 2847 1141 2898 vitem
1166 2860 1317 2912 moresque
1339 2852 1528 2915 corrumpunt

303 2935 368 3000 hijs,
386 2931 436 2998 qui
457 2930 633 2983 substancics
652 2928 773 2981 aliorum
791 2929 948 2995 prediaque
966 2930 1115 2996 diripiunt,
1135 2930 1202 2995 quia
1219 2928 1263 2980 illi
1286 2931 1392 2982 bonam
1411 2933 1527 2994 tamam,

305 3028 360 3082 que
372 3015 415 3067 est
423 3012 481 3064 vita
492 3012 596 3076 anime,
608 3010 787 3073 subtrahunt,
798 3010 846 3075 allj
857 3024 923 3064 vero
937 3011 1073 3064 alimenta
1082 3012 1220 3077 corporis.
1230 3012 1274 3062 Vi.
1285 3026 1312 3077 q.
1322 3011 1347 3063 l.
1359 3011 1528 3066 Deterior-ss.

308 3096 465 3150 Detrahere
482 3095 558 3147 enim
569 3094 677 3159 species
695 3093 838 3157 homicidii
852 3094 903 3146 est.
918 3095 960 3146 De
969 3095 1130 3159 penitencia
1141 3095 1179 3146 di.
1199 3095 1223 3146 l.
1236 3108 1261 3146 c.
1285 3090 1481 3148 homicidium.
1494 3095 1531 3148 Bt

308 3181 422 3234 tenetur
437 3178 581 3229 detractor
591 3176 626 3227 ad
637 3175 849 3227 restitucionem
866 3177 942 3227 tame
954 3177 1004 3238 eis,
1026 3176 1128 3241 quibus
1140 3176 1273 3240 detraxit,
1283 3189 1335 3241 per
1351 3178 1450 3230 omnia
1466 3176 1530 3229 locs

307 3262 356 3315 ubi
368 3259 562 3312 huiuscemodi
579 3258 815 3310 detractacionem
833 3257 991 3322 publicauit
1009 3260 1038 3311 et
1059 3258 1137 3320 alibi,
1160 3259 1208 3310 ubi
1223 3258 1341 3310 infamia
1352 3258 1529 3321 conuolsuit,

308 3344 461 3396 secundum
478 3339 676 3393 dwilhelmum
692 3340 728 3391 dc
747 3340 823 3392 Mon.
839 3339 907 3391 Lau.
929 3340 959 3391 in
970 3340 1046 3391 dicto
1059 3355 1084 3392 c.
1098 3341 1190 3405 primo
1208 3341 1298 3391 extra.
1320 3340 1355 3393 de
1368 3338 1487 3406 priuile
1501 3340 1530 3390 in

310 3425 447 3479 clement.
457 3424 531 3477 Satis
542 3425 571 3475 in
588 3423 642 3474 hoc
659 3423 820 3485 concordat,
840 3423 915 3488 quod
927 3425 1024 3476 noster
1034 3423 1099 3476 Joh.
1114 3424 1143 3475 in
1154 3436 1264 3476 summa
1277 3425 1352 3475 coni.
1366 3422 1399 3474 li.
1412 3423 1447 3488 ij*
1458 3423 1493 3475 ti.
1503 3436 1529 3474 v.

311 3506 348 3557 de
356 3504 514 3569 raptoribus
526 3502 577 3553 suh
595 3503 708 3553 rubrica
725 3503 760 3553 de
775 3499 996 3564 detractacionc,
1016 3517 1043 3569 q.
1056 3504 1101 3567 cij.

344 3587 482 3638 Preterea
509 3586 552 3637 est
574 3587 640 3636 nota
657 3585 784 3651 dignum,
802 3585 877 3649 quod
894 3587 983 3637 status
1005 3599 1161 3651 pauperum
1189 3585 1338 3650 utriusque
1356 3597 1454 3646 sexus,
1482 3583 1531 3648 qui

312 3667 459 3721 humiliter
475 3668 505 3720 et
523 3665 641 3719 honeste
658 3668 688 3718 in
704 3669 870 3732 paupertate
893 3670 922 3719 et
938 3669 1068 3742 castitate
1086 3668 1195 3730 viuunt,
1213 3665 1348 3720 ecclesias
1358 3667 1531 3720 deuotehe

312 3751 458 3816 quentant‚
471 3750 599 3802 Romane
611 3748 730 3802 ecclesie
743 3751 772 3802 et
791 3762 891 3803 eorum
910 3751 1017 3803 curatis
1028 3751 1057 3803 et
1073 3749 1191 3817 prelatis
1202 3750 1370 3803 reuerenter
1382 3749 1532 3811 obediunt,

312 3832 399 3885 nullis
425 3832 571 3885 erroribus
598 3844 629 3883 se
654 3832 836 3895 inuoluendo,
863 3833 913 3885 sed
935 3832 1034 3884 intime
1057 3833 1185 3885 caritatis
1205 3844 1302 3885 amore
1326 3831 1382 3882 sibi
1405 3831 1533 3884 inuicem

312 3915 463 3968 seruieudo
478 3928 512 3966 ac
533 3914 725 3967 desiderantes
742 3915 982 3981 quamplurimum
1002 3915 1086 3968 simul
1110 3929 1143 3967 ac
1162 3915 1286 3978 inuicem
1308 3915 1340 3966 in
1358 3911 1534 3967 humilitatis
1559 3940 1565 3953 ·

312 3997 414 4062 spiritu
426 3995 571 4048 Altissimo
580 3996 722 4059 temulari,
735 3998 765 4048 et
782 4012 838 4049 non
850 3998 926 4050 cadit
938 3998 989 4049 sub
1001 3996 1198 4063 prohibicione
1211 3996 1427 4048 constitutionis
1437 3996 1534 4048 extra·

311 4080 444 4146 negantis
467 4079 607 4132 lobannis
634 4079 702 4144 xxu,
723 4094 778 4145 que
796 4081 896 4146 incipit
914 4078 1018 4133 Sancta
1039 4080 1179 4142 Rornano,
1203 4079 1270 4143 quia
1289 4078 1462 4131 constitucio
1483 4076 1536 4130 illa

312 4163 446 4228 reprobat
455 4164 562 4214 certam
573 4164 679 4214 sectam
691 4175 741 4215 seu
753 4163 840 4215 ritum
851 4176 959 4224 eorum,
972 4162 1021 4227 qui
1032 4163 1139 4226 absque
1151 4161 1273 4214 licencia
1283 4160 1358 4214 sedis
1375 4159 1536 4226 apostolice

313 4246 343 4298 in
355 4245 496 4298 communi
509 4243 698 4313 collegialiter
709 4245 804 4298 viuere
819 4246 907 4297 ritum
928 4257 1002 4296 noue
1019 4243 1169 4310 religionis
1187 4243 1364 4306 assumendo,
1383 4242 1536 4296 conuenti-

314 4327 378 4381 cula
385 4326 487 4379 illicita
497 4329 593 4379 lacere
604 4328 633 4378 et
641 4327 802 4392 superiores
814 4327 868 4379 sibi
885 4326 994 4394 eligere
1011 4328 1186 4392 presumunt
1207 4327 1239 4379 ut
1261 4339 1296 4378 ex
1316 4325 1394 4378 serie
1404 4325 1537 4380 munden

313 4410 527 4463 constitucionis
538 4409 628 4461 lacius
639 4407 805 4474 colligitur3
820 4407 905 4462 hodie
923 4423 990 4461 vero
1007 4411 1125 4475 possunt
1142 4407 1347 4472 archiepiscopi
1358 4408 1390 4459 et
1406 4406 1538 4474 episcopi

311 4493 439 4545 locorum
447 4492 616 4545 auctoritate
627 4504 700 4558 pape
708 4491 864 4562 concedere
873 4492 1022 4547 licenciam
1034 4493 1145 4545 deuotis
1154 4492 1183 4545 et
1192 4491 1392 4544 innocentibus
1400 4491 1537 4560 pauperi·
