3188 5340
199 488 255 550 208·
719 491 823 546 ANNO
840 485 906 544 1418

201 675 265 715 cum
274 659 360 714 certis
371 661 523 713 verborum
534 658 657 712 aliorum
668 657 905 724 descriptionibus
916 657 953 711 ad
964 656 1117 725 legendum
1128 656 1227 710 traditi
1239 672 1248 722 ;
1260 655 1368 722 quibus
1378 666 1425 721 per

201 759 267 799 eum
277 745 401 810 receptis
412 745 442 796 et
452 742 661 808 aliquantulum
672 741 818 808 inspectis,
829 741 903 793 dixit
913 742 989 807 quod
1001 755 1057 793 non
1068 741 1183 794 videbat
1201 754 1257 794 nec
1273 741 1421 806 posseteos

200 828 310 895 legere,
319 839 353 879 eo
363 826 439 891 quod
446 824 538 877 visum
547 823 667 877 haberet
688 824 887 875 abbreuiatum
898 825 926 875 et
938 836 1023 875 vnum
1036 836 1072 876 ex
1083 822 1173 875 oculis
1184 823 1245 875 suis
1256 821 1421 888 perdidisset

200 911 229 961 in
239 909 412 971 carceribus,
422 909 451 961 et
459 906 557 959 littera
565 906 650 958 nimis
659 905 775 972 gracilis
784 907 814 957 et
825 906 918 958 tenuis
928 907 999 970 erat3
1009 907 1039 957 et
1047 905 1237 957 incontinenti
1245 905 1366 957 luerunt
1373 904 1418 955 sibi

200 994 312 1061 portate
323 993 378 1044 due
396 991 513 1043 candele
530 1002 613 1042 ceree
631 1002 748 1040 accense
768 987 919 1039 victorius
936 990 1031 1052 posset
1047 988 1154 1052 videre,
1175 988 1226 1039 sed
1246 987 1416 1052 perstatitin

199 1077 300 1143 primis
317 1077 375 1127 suis
385 1074 627 1132 excusacionihus,
645 1085 700 1136 que
709 1072 784 1121 dioto
796 1072 910 1122 domino
920 1070 1082 1136 patriarche
1090 1071 1179 1136 judici
1188 1073 1218 1124 et
1229 1071 1415 1122 commissario

198 1159 365 1211 verisimiles
382 1156 576 1222 apparuerunt
593 1156 622 1206 et
639 1155 831 1218 apparebant3
849 1156 878 1205 ct
894 1154 929 1205 dc
947 1154 1036 1219 ipsius
1052 1154 1196 1219 mandato,
1208 1154 1245 1205 ad
1262 1155 1414 1218 requestam

198 1243 268 1294 dicti
279 1241 410 1308 magistri
422 1238 542 1301 Nicolai,
556 1239 611 1290 iuit
623 1237 776 1303 deputatus
792 1252 862 1289 snus
880 1237 916 1288 ad
933 1236 1086 1303 legendum
1097 1237 1188 1288 dictos
1205 1236 1345 1288 articulos
1360 1249 1413 1288 cum

197 1324 434 1390 descriptionibus
451 1322 515 1387 alle
532 1321 646 1374 nomine
658 1321 786 1373 eiusdem
805 1313 936 1386 magistri
956 1320 1068 1372 Nicolai
1085 1321 1115 1373 et
1131 1332 1184 1385 pro
1200 1319 1274 1385 ipso,
1292 1319 1413 1372 videlicet

195 1407 333 1474 magister
346 1407 449 1459 Petrus
461 1406 496 1457 de
515 1404 677 1470 [ramburga
688 1404 718 1455 in
735 1403 858 1455 decretis
876 1402 1047 1467 licentiatus,
1067 1417 1100 1455 ae
1116 1402 1207 1455 soluit
1224 1403 1256 1455 et
1271 1402 1412 1466 consentit

195 1491 271 1561 quod
282 1489 400 1555 perinde
411 1487 566 1540 haberetur
583 1501 616 1539 ac
632 1487 657 1538 si
674 1486 736 1550 ipse
753 1486 890 1552 magister
902 1485 1037 1539 Nicotaus
1048 1486 1164 1539 eosdem
1175 1484 1315 1538 articulos
1327 1485 1357 1538 et
1366 1484 1411 1537 alis

194 1574 225 1626 in
242 1574 319 1626 dicta
335 1572 437 1625 cedula
453 1572 588 1624 contenta
604 1569 722 1636 legisset
733 1569 795 1622 siue
812 1568 932 1635 legeret.
952 1568 1014 1631 Que
1025 1568 1127 1623 cedula
1137 1582 1190 1635 per
1200 1569 1242 1620 sic
1255 1568 1409 1634 deputatum

195 1656 254 1709 alta
262 1657 292 1707 et
303 1653 479 1721 intelligibili
487 1666 556 1706 soce
565 1653 621 1704 tuit
628 1652 713 1705 lecta.

227 1739 337 1803 Etipsa
348 1737 432 1800 lecta,
444 1737 521 1789 idem
533 1736 664 1788 dominus
673 1734 836 1801 patriarcha
844 1735 874 1787 ct
884 1735 984 1802 vigore
996 1735 1203 1787 commissionis
1215 1735 1271 1787 sibi
1283 1735 1358 1787 tacte
1368 1744 1408 1798 per

195 1821 407 1875 sacrosanctum
427 1819 579 1870 concilium
597 1817 784 1870 abdominum
804 1818 933 1868 nostrum
953 1832 1056 1882 papam
1073 1818 1229 1870 Martinum
1250 1817 1408 1882 predictum,

194 1906 336 1970 quandam
348 1901 529 1953 diffinitiuam
541 1900 711 1952 sententiam
724 1902 824 1951 contra
834 1901 965 1952 eumdem
978 1900 1147 1967 magistrum
1158 1898 1312 1952 Nicolaum
1323 1899 1408 1952 serru-

195 1986 263 2050 rarij
274 1985 355 2052 legit,
367 1982 497 2050 protulit,
510 1983 720 2049 pronunciauit,
733 1983 763 2036 et
774 1984 809 2035 de
821 1983 908 2036 verbo
921 1983 957 2035 ad
968 1984 1087 2036 verbum
1097 1982 1295 2050 promulgauit
1305 1980 1409 2046 subhlJ's

193 2067 307 2122 verbis:

228 2172 241 2195 u
255 2151 368 2205 Gnatam
387 2163 494 2204 somus
512 2150 655 2203 inuocato.

227 2255 241 2278 ι
252 2233 324 2295 Quia
332 2234 546 2286 communicatis
557 2233 736 2299 processibus
745 2233 822 2285 inter
830 2247 882 2285 nos
889 2233 999 2299 judices
1008 2247 1094 2299 super
1105 2233 1332 2298 quibuscumque
1340 2227 1410 2280 bere

193 2317 282 2382 sibus,
295 2319 324 2370 et
336 2317 498 2382 specialiter
509 2331 596 2382 super
607 2318 684 2369 secta
695 2318 725 2368 et
736 2316 809 2368 ialsa
820 2317 950 2369 doctrina
962 2318 1113 2382 dampnate
1131 2315 1271 2367 memorie
1282 2310 1412 2366 lobannis

192 2398 345 2451 Wicleilet
356 2398 496 2452 iohannis
508 2401 603 2452 Huuss
615 2413 770 2464 eorumque
780 2400 943 2464 sequacium
955 2401 985 2452 et
996 2401 1139 2452 lautorum
1148 2412 1201 2463 per
1210 2395 1411 2448 sacrosanctam

193 2482 331 2547 synodum
345 2482 590 2534 constantiensem
602 2482 778 2548 generaliter
789 2483 939 2548 deputatos
951 2484 1009 2534 tam
1021 2497 1073 2547 por
1090 2497 1141 2533 nos
1152 2483 1182 2534 in
1201 2481 1284 2532 curia
1295 2489 1378 2542 quam
1388 2475 1413 2525 in

192 2563 321 2628 partibus
341 2579 394 2630 per
413 2565 601 2616 reverendum
619 2566 731 2629 patrem
748 2565 912 2631 episcopum
933 2566 1142 2618 Tornacensem
1162 2567 1414 2631 inquisitoremquc

192 2644 318 2698 heretice
329 2648 481 2711 prauitatis
492 2649 593 2699 contra
610 2649 639 2698 et
656 2649 794 2699 aduersus
814 2649 934 2700 tratrem
955 2648 1104 2700 Nicolaum
1122 2649 1293 2715 Sorrurarij,
1311 2645 1415 2699 ordinis

191 2726 396 2780 heremitarum
414 2729 504 2781 sancti
526 2731 689 2796 Augustini,
716 2731 816 2781 domus
836 2731 1001 2782 corumdem
1021 2733 1141 2782 iratrum
1159 2732 1361 2793 Tornacensis,
1387 2730 1414 2781 iu

190 2824 271 2863 sacra
282 2809 429 2877 theologia
442 2812 620 2878 magistrum,
634 2827 720 2877 super
731 2813 875 2864 nonnullis
893 2813 1022 2864 articulis
1034 2813 1162 2864 erroneis
1179 2814 1209 2865 in
1221 2815 1279 2866 ilde
1291 2816 1322 2866 et
1339 2813 1415 2866 bonis

189 2893 325 2955 moribus,
339 2894 569 2958 scandalosisque
590 2897 619 2946 et
636 2896 783 2947 sediciosis
795 2897 880 2959 atque
896 2896 926 2946 in
938 2896 1054 2948 auribus
1066 2894 1212 2948 hominum
1223 2896 1300 2949 male
1312 2909 1416 2947 sonan·

188 2975 274 3037 tibus,
287 2988 384 3026 coram
396 2976 478 3026 nobis
490 2976 520 3026 in
532 2976 638 3040 judicio
651 2976 769 3028 realiter
786 2975 921 3028 exhibitis
933 2979 962 3028 et
971 2977 1115 3041 productis
1125 2977 1245 3029 inierius
1257 2978 1416 3044 descriptis,

188 3055 313 3120 ipsisque
332 3056 489 3123 diligenter
506 3057 652 3122 inspectis,
670 3053 780 3109 necno'n
792 3058 984 3109 relacionibus
1002 3058 1204 3111 nonnullorum
1216 3061 1374 3123 proborum
1390 3060 1418 3110 et

186 3137 381 3190 litteratorum
402 3140 505 3203 quibus
522 3154 558 3191 cx
576 3139 752 3191 habundanti
765 3140 877 3192 cautela
889 3142 1081 3193 commisimus
1092 3143 1294 3203 recensendos,
1306 3146 1417 3194 mature

134 3277 136 3282 ¹
187 3220 301 3282 auditis,
315 3234 491 3286 numeroque
509 3222 624 3274 testium
641 3223 826 3287 utrorumque
847 3237 1030 3287 processuum
1043 3225 1238 3286 consideratis,
1250 3226 1417 3289 cunctisque

186 3302 263 3354 circa
273 3302 328 3355 hec
337 3318 409 3369 equo
420 3303 571 3356 libramine
583 3305 659 3356 inter
668 3319 720 3355 nos
728 3305 902 3371 ponderatis,
915 3307 1025 3357 constat
1037 3306 1117 3356 nobis
1127 3319 1162 3357 ex
1174 3305 1232 3357 illis
1241 3306 1420 3358 sufficienter

184 3384 336 3449 probatum
349 3400 411 3438 esse
424 3387 530 3438 dictum
545 3388 665 3439 tratrem
678 3387 827 3439 Nicolaum
841 3388 946 3451 axviij.
966 3401 1002 3439 en
1022 3388 1105 3439 dictis
1116 3388 1246 3439 articulis
1257 3388 1375 3453 publice
1391 3391 1419 3442 et

186 3464 281 3529 sepius
302 3467 432 3533 pluribus
455 3469 537 3521 annis
555 3482 686 3532 erronee,
700 3470 807 3522 temere
825 3470 855 3520 et
871 3470 1086 3533 presumptuose
1098 3469 1127 3520 in
1140 3468 1288 3535 plerisque
1299 3469 1382 3536 locis,
1392 3472 1421 3523 et

185 3550 337 3611 presertim
350 3551 379 3601 in
393 3552 510 3603 ciuitate
521 3552 696 3604 'fornacensi
709 3553 738 3603 et
749 3552 946 3604 cameracensi
956 3551 1114 3603 diocesibus
1123 3551 1153 3602 in
1162 3553 1310 3616 presentia
1320 3555 1421 3620 populi

184 3631 348 3695 predicasse
362 3635 392 3685 et
404 3634 620 3700 dogmatizasse,
639 3637 668 3686 et
685 3633 871 3686 christianum
889 3634 1026 3699 populum
1037 3647 1123 3699 super
1134 3634 1203 3698 ipsis
1221 3648 1309 3698 quam
1326 3636 1421 3701 pluri-

185 3724 262 3763 mum
292 3716 391 3766 contra
420 3716 569 3767 veritatem
590 3715 730 3767 catholice
753 3717 820 3768 fidei
841 3719 871 3767 et
890 3729 988 3768 sanam
1014 3717 1172 3768 doctrinam
1197 3719 1422 3784 sanctorumque

183 3796 298 3860 patrum
311 3797 454 3862 iniecisse,
468 3800 498 3849 ct
509 3800 544 3849 ad
557 3798 741 3849 inficiendum
754 3799 847 3865 magis
859 3799 956 3864 plures
975 3814 1011 3851 ex
1028 3800 1111 3851 dictis
1129 3799 1259 3851 erroneis
1276 3814 1329 3852 seu
1341 3799 1424 3852 here·

183 3878 241 3928 seis
260 3879 389 3931 articulis
410 3880 445 3931 de
466 3880 555 3932 latino
573 3881 604 3931 in
626 3881 745 3946 vulgare
761 3881 898 3947 gallicum
915 3881 1103 3943 transtulisse,
1123 3884 1242 3947 propter
1263 3896 1320 3947 que
1332 3884 1422 3935 etism

184 3959 287 4025 grauia
299 3962 328 4011 et
348 3962 478 4013 enormia
494 3963 620 4013 nondum
637 3963 722 4028 pleno
735 3964 827 4027 sopita
846 3963 979 4015 scaudala
991 3964 1020 4013 in
1033 3962 1110 4014 clero
1130 3966 1160 4015 et
1175 3963 1284 4030 populo
1301 3964 1421 4018 illarum

182 4042 309 4107 partium
322 4044 475 4096 subsecuta
486 4045 587 4106 luisse,
601 4046 750 4110 ipsumque
762 4044 899 4110 populum
912 4048 1012 4097 contra
1022 4044 1184 4096 huiusmodi
1196 4046 1309 4098 elerum
1320 4049 1422 4102 ciuita-

183 4123 220 4174 tis
232 4125 261 4175 et
274 4126 395 4179 diocesis
408 4127 598 4179 Tornaconsis
610 4129 639 4179 ct
650 4128 779 4179 locorum
790 4128 1058 4179 circumuicinorum
1071 4128 1295 4194 dampnabiliter
1306 4133 1337 4183 et
1347 4134 1422 4198 peri·

183 4207 360 4262 culosissime
370 4211 503 4263 incitasse
512 4211 543 4263 et
551 4212 638 4263 etiam
647 4211 843 4262 commouisse.

217 4310 231 4333 s
243 4289 371 4352 Quorum
383 4293 525 4359 siquidem
538 4291 724 4344 articulorum
745 4292 835 4356 aliqui
855 4294 955 4345 contra
974 4293 1094 4345 eandem
1117 4292 1309 4347 orthodoxam
1331 4296 1421 4350 iidem

183 4374 307 4438 erronei,
320 4375 410 4441 aliqui
426 4390 495 4429 vero
514 4373 658 4438 injuriosi,
677 4375 824 4427 temerarii
836 4375 866 4427 et
876 4376 1045 4441 scandalosi,
1058 4377 1271 4442 presumptuosi
1287 4375 1335 4431 vel
1348 4381 1422 4433 sedi·

182 4457 259 4520 ticsi,
270 4462 301 4511 et
311 4460 442 4513 nonnulli
453 4459 567 4525 piarum
584 4459 698 4512 aurium
716 4459 849 4511 oileusiui
860 4459 1011 4512 euidenter
1022 4461 1165 4524 existunt3
1183 4460 1290 4525 quibus
1301 4462 1421 4528 quidem

181 4541 393 4596 temeritatibus
404 4545 435 4596 et
445 4541 598 4607 scandalis,
616 4543 672 4595 nisi
690 4540 846 4596 salubriter
863 4540 1029 4596 obrueretur
1040 4542 1076 4597 de
1088 4542 1222 4609 remcdth
1232 4547 1421 4611 opportunis,
