3256 5324
744 473 848 528 ANNO
867 474 932 526 1329
1271 527 1274 534 ,
1413 480 1444 530 tl

229 640 384 724 Frsnsche
410 640 588 727 koningen,
623 638 709 728 zijne
733 643 923 720 voorzaten,
950 639 1078 709 hebben
1103 640 1145 731 bij
1171 642 1283 711 bunne
1309 643 1438 713 edicten

232 746 314 834 ,ltijd
329 745 438 811 willen
456 743 635 821 erkonnen,
654 742 709 810 dat
733 742 773 809 de
791 743 1005 832 inquisiteurs
1028 745 1097 814 hun
1115 745 1205 814 embt
1228 749 1289 837 vrij
1316 756 1445 818 moeten

234 848 403 925 uitooienen
421 867 503 914 6666
518 845 586 914 luid
601 845 660 913 der
672 846 839 914 volmecht
855 847 921 914 hun
939 848 1023 915 door
1038 849 1100 916 den
1117 850 1160 917 Η.
1175 848 1262 917 Stoel
1282 872 1442 939 gegeven.

238 959 280 1042 Op
286 951 414 1019 verzoek
428 970 491 1016 vnn
504 949 567 1017 den
579 950 821 1018 voornoemden
836 951 1034 1036 inquisiteur
1048 951 1258 1041 bekrschtigt
1270 954 1310 1022 de
1321 956 1447 1043 koning
1505 998 1510 1017 .

239 1053 507 1141 derebepelingen
524 1072 565 1118 en
589 1051 719 1121 beveelt
737 1053 781 1144 bij
800 1055 968 1141 nogmeels
996 1055 1236 1146 uitdrukkelijk
1262 1078 1323 1124 sen
1348 1059 1379 1126 61
1408 1058 1448 1126 de

240 1156 428 1244 relterlijle
455 1154 667 1224 ambtensren
694 1176 759 1224 ven
788 1157 853 1244 zijn
881 1157 1447 1247 166161611116616661611666616

159 1264 161 1268 ’
238 1259 827 1351 6616666666,6111661666611111,
855 1260 912 1327 het
936 1261 1111 1330 voorbeeld
1136 1262 1240 1352 zijner
1256 1272 1446 1349 voorneten,

235 1389 264 1434 en
277 1363 508 1451 roornemelijk
520 1385 584 1431 vsu
602 1363 664 1430 den
682 1363 824 1450 heiligen
838 1364 1019 1454 Lodewijk,
1040 1373 1092 1432 ter
1108 1366 1369 1456 ondersteuning
1381 1391 1446 1438 ven

230 1465 332 1557 gelooi
357 1487 396 1533 en
426 1467 596 1554 Inquisitio
623 1465 754 1552 uolgen.
787 1466 839 1534 uit
863 1467 945 1536 elles
976 1468 1266 1557 overeenkomstig
1293 1479 1360 1540 met
1388 1473 1448 1542 het

226 1570 376 1639 oenonielr
392 1591 432 1638 en
446 1568 627 1658 burgerlijk
639 1570 734 1637 recht
751 1589 791 1636 en
805 1577 870 1636 met
883 1569 940 1638 het
953 1569 1037 1638 edict
1053 1572 1231 1659 Cupientes
1243 1595 1308 1642 ven
1320 1575 1447 1665 koning

224 1673 389 1761 lodewijk
405 1675 467 1742 lx.
487 1676 553 1741 Ten
578 1673 678 1741 616116
701 1673 857 1758 16666661
872 1674 912 1741 16
930 1675 1056 1762 koning
1073 1677 1137 1743 elle
1154 1696 1312 1765 vroegere
1328 1679 1447 1749 ordon-

220 1777 369 1857 6661116,
384 1776 436 1844 die
448 1782 515 1846 met
530 1777 608 1844 dese
624 1780 772 1844 61616166
788 1776 822 1843 16
840 1777 936 1865 strijd
953 1779 1078 1846 zouden
1095 1780 1173 1867 nijn.

241 1941 397 2008 Philippe,
408 1956 461 2008 666
472 1942 501 1994 16
511 1955 598 2009 grece
609 1942 645 1994 de
659 1942 731 1993 Dieu
744 1956 811 2007 roys
822 1943 858 1994 de
870 1943 989 2006 Frence,
995 1945 1090 1995 666616
1101 1945 1209 1997 1616666
1220 1940 1446 2013 11666,66666166

214 2027 270 2079 616
285 2026 377 2087 venir,
398 2039 454 2090 que
466 2025 608 2091 religieux
620 2025 733 2076 homme
745 2027 775 2076 61
791 2025 930 2077 honneste
941 2028 1018 2078 frere
1032 2026 1130 2092 ilenry
1143 2028 1179 2079 de
1191 2027 1323 2097 chemy,
1337 2031 1372 2082 de
1384 2029 1447 2081 l'or·
1533 2027 1536 2033 ’

213 2110 263 2161 dre
293 2109 342 2160 des
359 2110 538 2174 prescheurs,
559 2110 730 2175 inquisiteur
750 2123 800 2160 sur
823 2109 850 2161 le
869 2111 958 2161 crime
978 2111 1014 2162 de
1034 2110 1146 2162 heresis
1167 2113 1271 2178 depute
1291 2128 1328 2166 en
1349 2116 1446 2168 nostre

212 2193 722 2265 666661666066666666666611661,
736 2193 816 2244 Nous
835 2205 852 2243 6
870 2194 995 2245 monstrt
1013 2195 1042 2245 et
1058 2195 1190 2259 presente
1210 2209 1334 2249 6666666
1345 2196 1446 2251 lettres

210 2282 239 2332 16
258 2295 316 2332 nos
328 2279 546 2346 predecesseurs
556 2275 630 2340 16116
639 2289 704 2341 roys
713 2275 748 2326 de
761 2275 880 2336 Frence,
890 2277 1045 2327 contenens
1056 2278 1197 2330 666161666
1205 2277 1315 2331 6166666
1326 2282 1356 2332 61
1367 2294 1445 2332 meu·

210 2364 333 2414 demens
350 2376 386 2413 en
403 2362 504 2412 ieveur
514 2359 550 2410 de
568 2358 596 2410 16
607 2359 656 2423 toy
673 2357 836 2422 catholique
854 2359 930 2410 6116
941 2357 1044 2411 l’offlce
1064 2359 1100 2410 de
1116 2358 1313 2424 l'inquisition,
1326 2364 1445 2416 61166166

208 2458 261 2510 666
287 2445 395 2496 nosdits
415 2454 591 2502 encesseurs,
611 2440 764 2505 lesquelles
784 2440 896 2492 6166666
917 2442 947 2492 61
966 2441 1149 2493 mundemens
1169 2441 1239 2495 ledit
1252 2445 1329 2496 16666
1349 2445 1447 2513 llenry

208 2541 285 2578 nous
298 2541 315 2579 6
327 2525 441 2578 beillies
452 2538 505 2590 per
520 2524 626 2589 escript
637 2525 790 2575 contenent
801 2523 953 2576 16166666
966 2524 1015 2588 661
1025 2523 1142 2575 s’ensuit
1156 2540 1163 2574 :

237 2608 481 2662 Premierement.
497 2607 577 2667 Quod
590 2606 699 2667 domus,
711 2605 824 2671 plateae
838 2609 866 2658 61
886 2606 989 2657 166616
1011 2607 1114 2670 quibus
1126 2607 1260 2660 haereses
1280 2609 1376 2661 166166
1387 2611 1447 2663 iue-

207 2695 289 2754 runt,
311 2693 465 2744 diruentur
483 2691 513 2748 et
534 2702 677 2753 nunquam
699 2691 799 2754 postes
820 2689 1033 2751 reedifleentur,
1054 2689 1103 2741 sed
1123 2692 1262 2756 66666166
1282 2692 1447 2757 6611666661

206 2773 421 2839 sterquilineee
432 2771 546 2822 vilitati.

235 2853 329 2908 Item.
343 2854 425 2915 Quod
437 2853 490 2905 filii
502 2853 712 2905 hoereticorum
724 2854 901 2918 6616666166
910 2854 1075 2905 eorumdem
1088 2856 1137 2905 661
1149 2855 1318 2921 6666661116
1330 2855 1442 2909 haeresi

205 2947 258 2988 seu
273 2938 364 2989 etiem
375 2933 692 2987 1111166661116161116116
711 2936 740 2986 61
759 2933 824 2986 61116
836 2933 957 2999 publicis
974 2934 1076 2985 officiis
1093 2936 1210 2987 minime
1222 2937 1383 2999 166666166,
1396 2940 1446 2990 661

204 3021 350 3072 continuo
361 3018 487 3071 16666661
498 3017 632 3069 amoveri.

232 3100 328 3155 Item.
342 3100 424 3162 Quod
441 3114 538 3151 murus
550 3098 747 3163 Inquisitionis
759 3097 959 3161 carcassonae,
972 3099 1021 3150 ubi
1034 3098 1172 3150 haeretici
1185 3099 1358 3164 detinentur,
1372 3118 1441 3167 quo·

200 3183 283 3237 tiens
295 3199 370 3250 opus
382 3184 478 3245 tuerit,
491 3184 641 3248 reperetur
658 3181 693 3234 de
713 3183 835 3247 6666616
856 3183 954 3248 regie3
967 3184 996 3233 et
1008 3196 1106 3234 omnes
1116 3181 1169 3244 illi,
1183 3197 1254 3247 quos
1272 3186 1444 3238 senescallus

199 3263 443 3320 &ausonensis
462 3267 572 3331 purtem
589 3265 753 3317 incursuum
765 3267 895 3330 66616666
913 3265 1035 3326 6666611,
1048 3264 1257 3329 compelluntur
1268 3281 1320 3332 666
1331 3282 1396 3320 eum
1408 3269 1444 3320 ed

197 3350 450 3403 contribuendum
472 3349 502 3399 in
522 3348 653 3414 expensis
675 3347 848 3412 hujusmodi,
870 3347 973 3413 quibus
996 3361 1048 3412 666
1072 3349 1206 3399 retusus
1227 3351 1314 3412 66661
1334 3350 1369 3401 61
1391 3350 1445 3402 hoc

196 3433 358 3485 monuerit
371 3445 420 3483 eos
432 3430 535 3483 teneri.

232 3513 328 3567 Item.
342 3513 425 3574 Quod
437 3526 534 3564 omnes
545 3515 574 3564 et
585 3512 692 3579 singuli
704 3513 799 3573 duces,
821 3512 950 3573 comites,
964 3512 1095 3573 barones,
1114 3512 1200 3563 etiem
1213 3513 1372 3575 senescalli,
1387 3515 1447 3566 bel·

194 3594 270 3661 livi,
284 3597 454 3663 prsepositi‚
466 3596 575 3657 ricerii,
590 3595 749 3658 castellani,
769 3595 814 3659 naj
819 3594 860 3646 uli
872 3595 1037 3658 6661661666
1047 3595 1201 3659 justiciarii
1213 3597 1296 3662 regni
1309 3596 1447 3651 Frsnciee

195 3679 429 3746 inquisitoribus
440 3678 602 3730 6666611666
614 3679 761 3744 pravitatis
773 3680 802 3729 et
814 3691 914 3729 eorum
930 3677 1135 3728 commisseriis
1148 3678 1272 3730 hubesnt
1288 3679 1404 3732 obedire
1416 3682 1445 3734 in

195 3764 369 3830 capiendis,
390 3761 529 3823 tenendis,
549 3760 752 3823 custodiendis,
769 3763 797 3810 et
817 3761 853 3811 61
873 3774 1004 3812 carceres
1026 3760 1198 3812 adducendis
1221 3761 1445 3827 quibuscumque

197 3842 366 3898 haereticis
379 3848 427 3898 661
439 3845 474 3897 de
485 3845 598 3897 haeresi
610 3844 757 3908 suspectis,
770 3846 799 3893 et
810 3844 938 3908 ipsorum
960 3845 1161 3908 inquisitorum
1173 3847 1329 3898 sententies
1342 3849 1444 3913 exequi

199 3926 377 3995 diligenter,
391 3941 501 3980 necnon
513 3929 554 3979 eis
566 3929 703 3979 eteorum
720 3927 921 3977 commissoriis
940 3929 969 3977 et
989 3928 1099 3978 nunciis
1111 3930 1257 3993 praestare
1274 3929 1443 3982 conductum

203 4002 355 4070 securum,
376 4012 536 4077 promptum
560 4009 698 4061 auxilium
721 4010 750 4060 et
771 4009 898 4060 levorem
922 4022 974 4074 per
997 4011 1085 4061 totum
1109 4012 1216 4062 terrem
1237 4011 1444 4076 jurisdictionis

207 4105 315 4144 eorum
325 4093 355 4144 in
368 4093 507 4152 omnibus,
521 4105 593 4155 quae
605 4092 734 4156 66661661
750 4090 1097 4156 611661661666161116616
1110 4093 1257 4158 negotium
1266 4094 1296 4146 61
1307 4094 1444 4148 officium.

211 4176 241 4226 si
259 4175 370 4241 quando
381 4177 410 4227 et
419 4175 550 4240 quotiens
560 4174 595 4225 sb
607 4173 766 4225 6161666161
777 4173 918 4238 requisiti.

249 4257 329 4310 Item.
343 4256 424 4317 Quod
434 4269 490 4308 666
499 4256 622 4308 intendit
630 4269 702 4306 unus
714 4256 855 4306 dictorum
867 4269 968 4322 regum
984 4270 1037 4320 per
1044 4269 1235 4320 quascumque
1248 4257 1356 4322 literas,
1369 4271 1442 4322 quse

218 4353 298 4392 6666
307 4340 499 4408 emanaverint
518 4339 607 4399 66616,
628 4337 826 4408 Inquisitionis
842 4339 967 4390 officium
987 4338 1165 4402 aliquetenus
1177 4339 1320 4404 impediri,
1333 4341 1441 4404 quomi-

222 4436 275 4476 nus
283 4421 461 4486 inquisitores
471 4419 500 4475 in
511 4435 563 4477 666
579 4420 768 4493 procederent
779 4420 873 4475 officio
884 4421 966 4485 jnxte
978 4422 1206 4474 commissionem
1224 4422 1320 4474 66616
1333 4425 1443 4487 sposto-

226 4505 326 4564 liose'u
337 4506 451 4564 1661661.
