3188 5340
223 483 240 534 ⁴
740 476 843 530 ANNO
862 476 927 530 1124

646 565 649 609 l

220 642 408 712 parrochialis
434 641 586 707 presbiteri
609 624 725 693 seivitio
750 642 922 702 contentam,
948 654 1013 693 cum
1039 643 1216 707 appendiciis
1240 645 1309 709 suis,
1337 643 1444 710 capella

221 728 331 780 scilicet
342 728 438 779 sancte
449 724 636 790 Waltburgis,
650 736 705 788 que
726 724 768 774 est
789 723 818 774 in
842 723 942 775 eodem
966 724 1068 791 burgo,
1090 726 1119 776 et
1139 725 1250 790 capella
1267 726 1303 778 de
1321 727 1407 779 Linlo
1421 731 1444 778 ei

222 808 417 863 Berendrecht
428 809 457 859 et
474 805 614 859 Ortheren
627 807 656 857 et
678 806 818 864 omnibus,
837 818 893 869 que
911 805 988 856 intra
1011 807 1148 858 ambitum
1165 811 1276 872 pretate
1294 810 1444 875 parrochie

221 893 411 953 continentur,
438 889 473 941 ad
490 901 557 940 usus
585 888 786 939 canonicorum
815 887 844 938 in
868 888 969 939 eadem
998 889 1183 940 servientium
1206 893 1444 943 manumittimus.

222 975 414 1027 Personarum
430 984 541 1035 quoque
563 970 780 1022 substitutiones
799 971 828 1022 et
848 969 990 1033 quaslibet
1007 971 1180 1033 exactiones,
1203 972 1296 1024 soluto
1317 973 1444 1038 quolibet

221 1042 295 1109 anno
307 1057 336 1107 in
348 1054 502 1107 testivitate
517 1053 607 1105 sancti
628 1052 703 1103 Luce
725 1052 807 1103 nobis
818 1064 868 1102 seu
889 1052 1099 1104 successoribus
1121 1054 1226 1104 nostris
1237 1058 1334 1106 sancte
1356 1055 1444 1107 ltlarie

220 1136 431 1191 Cameracensis
459 1134 578 1186 ecclesie
601 1134 742 1199 episcopis
762 1134 897 1185 canonice
917 1134 1078 1186 substitutis
1096 1149 1113 1186 a
1129 1137 1239 1200 prelata
1256 1136 1378 1189 ecclesia
1396 1151 1444 1202 pro

219 1218 361 1272 libertatis
380 1230 431 1270 sue
447 1216 586 1269 memoria
602 1216 665 1267 auri
678 1216 800 1268 bisantio
818 1214 933 1268 excluso
950 1220 1046 1269 cetero
1064 1217 1221 1282 pontificali
1239 1218 1336 1270 debito
1355 1219 1444 1270 iuter·

220 1303 341 1355 dicimus
354 1315 361 1352 τ
374 1314 408 1353 eo
417 1299 532 1365 quidem
543 1301 652 1360 tenore,
669 1301 701 1349 ut
711 1299 872 1363 prepositus
884 1313 948 1350 cum
961 1299 1109 1352 duodecim
1129 1301 1274 1352 canonicis
1295 1301 1404 1353 ibidem
1417 1301 1444 1353 in

221 1384 347 1451 presenti
358 1384 507 1435 statuatur.
1144 1428 1147 1432 Α

253 1467 312 1519 Nos
323 1478 391 1517 vero
400 1462 520 1515 ecclesie
531 1465 627 1516 nostre
639 1463 809 1529 dignitatem
820 1466 957 1517 canonice
969 1469 1169 1518 conservantes
1181 1467 1372 1528 decernimus,
1384 1468 1444 1518 uta

221 1549 364 1602 canonicis
383 1547 545 1613 prepositus
567 1546 703 1597 canonice
726 1543 834 1597 electus
858 1547 995 1612 nobisque
1024 1561 1074 1600 seu
1103 1548 1313 1599 successoribus
1338 1548 1444 1599 nostris

166 1656 170 1661 ·
219 1632 397 1699 presentatus
416 1639 514 1680 curam
535 1624 736 1676 canonicorum
759 1623 794 1676 de
817 1637 902 1677 manu
925 1627 1024 1677 nostra
1041 1627 1175 1691 suscipiat
1202 1628 1230 1676 ct
1258 1626 1340 1676 nobis
1363 1639 1444 1678 more

216 1714 425 1781 prepositorum
440 1709 551 1776 pretate
569 1706 778 1758 Cameracensis
795 1706 915 1759 ecclesie
932 1708 1057 1759 debitam
1069 1708 1260 1760 obedientiam
1278 1708 1434 1772 impendat.

217 1798 261 1852 ad
273 1797 346 1848 hauc
357 1808 427 1860 ergo
439 1789 640 1844 canonicorum
648 1786 857 1841 iustitutionem
865 1792 1004 1854 perpetuo
1012 1790 1195 1842 muniendam
1202 1788 1322 1841 eandem
1331 1788 1443 1854 ligandi

218 1883 303 1943 atque
331 1875 458 1928 solvendi
486 1872 664 1937 potestatem,
685 1882 770 1933 quam
792 1874 884 1922 mater
906 1873 1004 1923 nostra
1027 1870 1239 1923 Cameracensis
1261 1869 1384 1922 ecclesia
1410 1871 1441 1922 in

217 1970 384 2026 pervasores
395 1970 461 2006 suos
469 1954 565 2014 habet,
578 1953 704 2016 seperate
721 1952 813 2003 sancti
825 1951 974 2005 blicahelis
987 1953 1107 2006 ecclesie
1117 1954 1147 2004 in
1160 1951 1359 2004 malefactores
1372 1966 1438 2002 suos

217 2040 398 2094 concedimus
404 2041 433 2091 et
444 2039 475 2090 ut
487 2035 639 2101 presbiteri
647 2033 826 2099 parochiales
838 2048 856 2087 a
866 2036 1010 2100 preposito
1023 2050 1074 2087 suo
1087 2039 1116 2087 et
1127 2035 1271 2087 canonicis
1289 2034 1437 2086 substituti

216 2136 315 2175 curam
325 2135 343 2172 a
353 2121 435 2172 nobis
446 2132 496 2171 seu
506 2116 645 2169 ministris
654 2116 759 2168 nostris
770 2117 912 2183 recipiant
919 2117 1111 2170 decernimus.

250 2201 288 2252 Ut
300 2202 394 2252 autem
405 2197 538 2249 libertate
550 2209 568 2247 a
579 2195 660 2245 uobis
677 2195 783 2246 tradita
793 2196 923 2247 canonici
936 2196 1008 2248 inibi
1021 2196 1154 2248 substitui
1172 2199 1297 2260 possent,
1311 2198 1439 2261 prelatus

217 2283 274 2335 dux
294 2283 363 2334 duas
374 2283 470 2346 partes
489 2275 698 2343 manipulorum
716 2276 834 2338 decime,
853 2293 908 2344 que
926 2277 962 2329 ad
980 2279 1174 2343 Antvverpiam
1186 2281 1215 2330 et
1227 2279 1289 2342 ejus
1301 2278 1440 2329 ambitum

217 2365 371 2432 pertinent,
384 2375 453 2426 quas
463 2374 480 2412 a
490 2359 690 2425 predecessore
703 2372 752 2409 suo
765 2358 886 2411 illustris
895 2360 1032 2412 memorie
1040 2359 1204 2423 Godetrido,
1217 2361 1289 2412 duce
1301 2362 1329 2412 et
1342 2363 1442 2425 postea

217 2445 466 2500 iherosolimitano
486 2455 565 2508 rege,
577 2442 667 2492 sancti
687 2439 835 2493 Micahelis
847 2443 967 2495 ecclesie
988 2443 1107 2494 traditas
1126 2444 1219 2494 minus
1234 2444 1310 2507 juste
1329 2444 1440 2495 subtra-

218 2531 309 2590 xerat,
321 2528 415 2579 eidem
426 2523 546 2577 ecclesie
563 2523 729 2589 recognovit
746 2526 775 2575 et
797 2525 935 2576 concessit
954 2528 982 2577 et
993 2530 1025 2577 ut
1042 2527 1132 2577 nostri
1151 2526 1257 2576 decreti
1271 2526 1440 2576 auctoritate

218 2611 408 2671 firmarentur,
423 2607 593 2672 impetravit.
608 2603 729 2657 Evoluto
743 2607 838 2657 autern
856 2620 913 2657 non
930 2607 1020 2659 multo
1036 2611 1173 2673 tempore,
1189 2607 1318 2657 canonici
1330 2607 1440 2670 pretate

216 2693 336 2746 ecclesie
356 2692 446 2743 sancti
459 2687 607 2741 Micahelis
627 2691 741 2738 sensata
760 2687 1012 2753 circumspectione
1032 2689 1135 2756 vigiles
1156 2689 1299 2755 digneque
1317 2703 1438 2754 perpen-

216 2773 325 2835 dentes,
354 2771 429 2834 quod
446 2785 505 2834 eos,
527 2783 647 2835 quorum
679 2771 907 2822 sustentarentur
938 2772 1110 2834 carnalibus,
1142 2772 1274 2836 saginare
1300 2772 1440 2823 deberent

216 2852 412 2920 spiritualibus
423 2855 502 2918 (nom
513 2866 559 2904 eoa
569 2849 744 2904 heresiarche
757 2851 904 2904 Taalvelmi
915 2869 1019 2907 veneno
1031 2868 1082 2906 suo
1102 2868 1193 2906 sermo
1205 2853 1350 2919 infecerat)
1360 2855 1396 2906 ad
1407 2868 1439 2905 se

216 2936 335 2987 tratrem
347 2935 541 2997 Nortbertum,
551 2934 643 2985 virum
655 2935 760 2985 nostris
771 2934 947 2999 temporibus
958 2936 1122 3000 spectabilis
1134 2936 1294 3001 religionis,
1304 2936 1439 2987 accersiri

214 3014 384 3066 curaverunt
412 3014 495 3076 eique
520 3027 553 3064 ac
575 3012 634 3063 suis
654 3013 791 3063 tratribus
814 3012 944 3079 regulam
973 3015 1049 3067 beati
1078 3016 1230 3082 Augustini
1257 3018 1438 3069 servantibus

214 3109 350 3162 suamque
361 3096 568 3148 institutionem
586 3095 806 3157 exsequentibus
823 3108 875 3160 per
888 3097 999 3147 nostras
1008 3110 1108 3149 manus
1126 3098 1275 3150 ecclesiam
1293 3099 1438 3164 supradic-

214 3184 281 3241 tam,
308 3191 392 3243 quam
417 3177 535 3230 anobis
555 3179 747 3241 susceperant,
777 3189 841 3229 cum
867 3177 985 3242 capellis
1004 3179 1034 3229 in
1058 3180 1119 3245 ipso
1143 3182 1285 3232 cimiterio
1309 3181 1435 3231 fundatis

213 3266 243 3314 et
259 3263 350 3313 tribus
378 3261 529 3312 curtilibus
557 3263 586 3310 et
610 3258 713 3325 jugero
738 3261 815 3310 terre
833 3260 894 3323 eJus
912 3260 1053 3312 cimiterio
1072 3262 1268 3326 adjacentibus
1290 3263 1437 3313 contrade·

212 3345 324 3397 derunt.
353 3343 413 3408 Ipsi
434 3357 502 3394 vero
519 3341 598 3406 prius
619 3353 736 3392 numero
757 3340 906 3392 duodecim
929 3355 1079 3394 numerum
1097 3359 1179 3395 suurn
1203 3347 1232 3397 iu
1261 3347 1325 3396 octo
1339 3346 1437 3396 termi-

213 3429 351 3478 naverunt
368 3428 397 3477 et
414 3438 444 3476 se
461 3438 525 3474 cum
543 3426 606 3474 octo
624 3423 776 3486 prebendis
795 3426 824 3474 et
841 3426 1020 3490 prepositure
1040 3440 1090 3478 sue
1109 3427 1276 3493 integritate
1293 3428 1328 3479 ad
1346 3427 1436 3479 eccle-

213 3509 284 3560 siam
296 3510 378 3561 beate
396 3506 487 3559 liaris
507 3504 722 3556 transtulerunt.
733 3504 871 3570 Reliquas
890 3521 957 3559 vero
970 3510 1092 3571 quatuor
1100 3509 1260 3573 prebendas
1275 3522 1327 3575 per
1342 3511 1439 3561 omnia

213 3593 272 3644 suis
288 3588 477 3643 consimiliter
488 3588 690 3653 participantes
707 3588 758 3637 sub
777 3590 872 3640 nostre
890 3590 1067 3641 auctoritatis
1085 3592 1300 3644 confirmatione
1314 3592 1436 3644 tradide-

186 3689 187 3692 ’
213 3675 288 3736 runt,
306 3675 424 3738 excepto
437 3670 512 3735 quod
524 3667 629 3720 allodia
640 3671 669 3720 et
686 3669 836 3734 mancipia,
857 3684 913 3734 que
930 3685 1018 3736 usque
1036 3673 1070 3723 ad
1094 3673 1146 3724 hec
1167 3676 1296 3738 tempora
1317 3673 1439 3726 ecclesia

212 3753 264 3806 illa
282 3754 456 3819 possederat,
475 3753 505 3803 in
526 3765 591 3802 suos
608 3750 794 3817 singulariter
811 3766 878 3803 usus
901 3758 1151 3820 segregraverunt.
1169 3757 1345 3820 Baptismum
1369 3769 1437 3808 vero

211 3835 392 3889 celeberrimi
403 3831 689 3899 temporis,videlicet
701 3831 811 3885 Pasche
822 3836 851 3884 et
863 3834 1056 3898 Pentecostes,
1065 3836 1095 3888 in
1107 3840 1228 3901 utraque
1239 3839 1437 3890 observabitur

211 3913 345 3978 ecclesia3
358 3913 469 3979 reliquo
492 3916 587 3967 autem
604 3916 733 3980 tempore
745 3915 950 3981 parrochianus
961 3918 1094 3970 sacerdos
1112 3922 1209 3971 sancte
1232 3918 1324 3972 Marie
1347 3921 1438 3986 bapti·

211 3993 306 4046 aandis
318 3992 487 4058 providebit.
501 3993 622 4059 Sepeliri
640 4008 752 4060 quoque
763 3994 911 4047 defunctos
928 3996 958 4048 in
975 3997 1125 4061 utriusque
1148 3998 1269 4050 ecclesie
1292 4000 1437 4053 cimiterio

211 4075 318 4128 licebit.
332 4075 371 4128 Ut
383 4079 478 4129 autem
495 4078 553 4127 tem
570 4073 648 4127 clare
665 4077 864 4129 beneficientie
876 4078 957 4130 ledus
969 4078 1137 4131 inviolatum
1149 4081 1226 4132 inter
1234 4081 1311 4146 ipsos
1323 4095 1438 4148 semper

211 4160 385 4224 permaneat,
406 4156 460 4208 hoc
479 4157 628 4209 definitum
646 4159 699 4220 est,
719 4161 751 4209 ut
771 4158 966 4223 quodcumque
985 4159 1115 4215 infirmus
1139 4165 1168 4214 et
1190 4164 1315 4215 moriens
1337 4178 1438 4229 parro-

210 4239 328 4290 chianus
340 4240 399 4290 sive
412 4240 441 4289 iu
453 4241 531 4290 terra
542 4249 592 4290 seu
605 4237 635 4288 iu
645 4237 702 4290 alia
714 4240 873 4292 substantia
885 4241 973 4292 cuivis
991 4240 1111 4295 ecclesie
1124 4243 1262 4296 obtulerit
1274 4249 1323 4296 aut
1334 4260 1388 4310 pro
1405 4260 1439 4299 se

211 4321 387 4373 onerandum
407 4320 574 4380 instituerit,
592 4333 645 4384 pcr
662 4321 787 4373 medium
804 4321 954 4374 dividatur.
968 4321 1050 4382 Quod
1067 4338 1134 4377 vero
1147 4325 1257 4378 alienus
1285 4341 1370 4379 sanus
1391 4328 1438 4381 vel

210 4403 400 4454 infirmusaut
418 4400 623 4466 parrochianus
642 4402 794 4455 incolumis
814 4403 934 4467 dederit,
948 4405 1078 4469 eeclesia,
1097 4408 1143 4458 cui
1160 4407 1215 4460 hoc
1227 4409 1324 4460 datum
1336 4409 1438 4476 tuerit,

211 4485 316 4549 absque
333 4485 487 4548 partitione
499 4483 650 4549 possideat.
665 4485 725 4537 Nec
736 4488 830 4538 minus
847 4489 997 4551 utramque
1013 4488 1163 4543 eeclesiam
1182 4493 1296 4558 integra
1307 4495 1336 4545 et
1349 4494 1438 4558 parili
