3256 5324
648 525 753 582 ANNO
771 523 928 578 leae-love
1345 530 1395 582 155

177 697 266 753 Item
277 696 353 763 quod
365 693 502 761 Alheydis
511 690 635 763 [cluten]
646 695 676 745 et
686 692 746 746 dlie
758 707 809 746 sue
822 693 962 746 inducunt
973 692 1104 748 homines
1117 695 1208 749 eciam
1226 697 1310 750 extra
1325 710 1391 750 suas

125 780 399 847 wngregationes
408 779 495 831 immo
506 778 538 829 in
548 777 645 829 seculo
656 777 686 828 et
696 776 878 829 matrimonio
895 777 1050 830 existentes
1063 779 1099 831 ad
1110 778 1175 844 boc,
1194 781 1227 831 ut
1238 781 1391 834 confitean-

126 875 208 925 tur
218 862 296 914 dicte
305 860 428 927 Alheydi
440 862 470 913 et
480 859 601 912 consilia
608 859 768 912 animarum
785 860 815 912 et
827 859 1016 912 directionem
1027 861 1268 915 conscientiarum
1279 865 1314 916 ab
1327 864 1391 930 ipsa

122 945 310 1010 recipiant.
320 944 357 996 lit
367 942 443 1008 quod
453 941 546 995 solum
556 943 587 994 in
598 941 826 1007 predicatoribus
838 941 1075 1007 Werymboldum
1086 943 1214 997 audiant.

10 1008 13 1029 '
179 1025 269 1082 Item
290 1025 387 1093 alique
403 1024 523 1078 honeste
545 1037 667 1090 persone
683 1025 714 1076 in
732 1022 828 1077 seculo
849 1024 940 1077 eciam
952 1026 1132 1078 matrimonio
1150 1028 1306 1081 existentes
1323 1030 1390 1080 sunt

119 1111 291 1176 confesse
308 1109 436 1175 predicte
446 1107 619 1173 Alheydiita
628 1107 702 1159 nude
715 1108 744 1158 et
756 1107 855 1172 aperte
864 1107 1101 1172 neutunicuique
1111 1110 1264 1163 secerdoti.
1285 1138 1319 1149 -

181 1191 356 1245 Secundum
366 1191 496 1258 predicta
506 1192 600 1256 potest
615 1203 646 1242 se
657 1202 760 1256 regere
776 1190 931 1254 inquisitor
949 1189 980 1240 in
1000 1190 1232 1256 inquisitionibus
1251 1193 1387 1246 Lulardo·

108 1289 234 1343 rum,
244 1274 445 1341 Begardorum
456 1274 486 1326 et
496 1273 709 1325 Swestrionum.

180 1357 259 1410 Fiat
275 1370 346 1423 ergo
357 1356 394 1408 de
405 1355 462 1408 biis
471 1353 599 1408 articulis
611 1366 666 1419 que
677 1356 822 1417 secuntur,
834 1355 1038 1422 interrogatio.

168 1438 277 1494 Juret
285 1441 381 1506 primo
392 1439 445 1492 sub
456 1438 511 1492 hac
520 1441 615 1491 iorma
624 1438 708 1490 tactis
719 1438 808 1490 sacris
819 1437 977 1504 evangeliis
989 1439 1114 1504 propriis
1124 1440 1258 1493 manibus
1272 1455 1279 1492 ε

187 1543 206 1570 ι
218 1523 281 1591 Ego
290 1523 327 1575 N.
339 1523 404 1574 iuro
416 1523 452 1575 ad
468 1523 566 1575 sancta
578 1522 631 1575 Dei
647 1519 798 1588 evangelia
810 1522 885 1587 quod
897 1520 991 1574 dicam
1003 1535 1111 1575 meram
1123 1526 1153 1576 et
1164 1523 1273 1577 claram
1284 1525 1387 1578 verita-

80 1640 110 1670 .
146 1612 242 1662 tem
252 1606 288 1658 de
299 1606 441 1668 omnibus,
453 1605 489 1658 de
506 1606 608 1669 quibus
619 1605 812 1670 interrogatus
829 1605 921 1667 luero,
939 1605 1025 1669 prout
1042 1605 1152 1658 scivero
1170 1607 1200 1659 et
1217 1609 1338 1673 potuero
1361 1610 1391 1661 et

80 1722 105 1751 ,
145 1692 240 1746 lucc
251 1702 309 1740 non
319 1687 555 1754 pretermittenda
566 1689 684 1754 propter
695 1700 823 1739 amorem
834 1687 878 1739 vel
891 1687 949 1739 odii
961 1700 1111 1754 rancorem
1124 1702 1176 1741 nec
1193 1690 1256 1742 irae
1269 1689 1390 1743 livorem

75 1802 107 1832 »
147 1784 238 1827 :mec
245 1773 365 1837 propter
372 1783 541 1837 quecunque
551 1771 627 1823 bona
637 1769 722 1822 huius
734 1770 842 1822 mundi.
856 1770 958 1823 Sicme
971 1770 1048 1823 Deus
1059 1771 1176 1825 adiuvet
1187 1772 1280 1825 etheo
1291 1775 1390 1826 sancta

70 1884 102 1913 .
151 1853 241 1908 liei
251 1853 412 1921 evangelia.
426 1873 440 1900 ι

189 1935 393 1990 «iuramentum
404 1937 435 1989 in
446 1936 579 2004 vulgari:
599 1935 676 1989 «Ich
688 1936 723 1989 N.
736 1949 827 1989 swere
844 1936 902 1988 und
918 1935 1041 2004 ghelove
1056 1937 1134 1990 Gode
1157 1950 1211 1990 van
1229 1936 1390 1992 hemelrilse

59 2047 93 2074 ι
145 2019 243 2072 tund
253 2032 358 2085 seyner
368 2018 470 2085 leyven
481 2019 581 2071 moder
597 2018 707 2071 Marien
724 2019 782 2070 und
800 2017 845 2070 ale
864 2018 956 2071 Godes
967 2017 1105 2086 hillegen,
1120 2019 1169 2072 dat
1185 2019 1216 2070 ik
1229 2018 1283 2072 wel
1300 2033 1389 2087 regen

56 2127 95 2156 ι»
167 2103 243 2168 ‹iey
253 2101 351 2155 claren
361 2100 476 2155 luteren
486 2101 616 2168 warbeyt
632 2113 685 2153 van
704 2101 731 2153 al
743 2100 799 2154 den
819 2101 943 2168 dyngen,
962 2091 1014 2154 dar
1028 2115 1094 2153 meu
1105 2115 1154 2167 my
1165 2114 1261 2153 umme
1278 2109 1388 2169 mget,

56 2208 97 2236 ι
177 2185 327 2238 alsovere
339 2184 382 2237 als
396 2184 429 2236 ik
446 2183 495 2238 dat
514 2186 588 2237 veet
603 2184 662 2237 und
682 2197 737 2250 eyn
758 2184 805 2236 vil
818 2184 867 2237 das
880 2183 967 2251 nycbt
983 2184 1063 2238 laren
1083 2197 1132 2236 um
1149 2183 1211 2250 leyl
1233 2184 1303 2237 eder
1320 2184 1388 2251 leet,

53 2288 106 2315 ι»
180 2279 282 2319 umme
292 2265 353 2330 hat,
366 2267 442 2334 nyet,
452 2265 555 2319 thoren
566 2265 639 2319 noch
648 2279 741 2318 omme
752 2266 849 2333 gheyn
861 2268 913 2333 gut
930 2268 1030 2320 dusser
1044 2265 1138 2318 verit.
1159 2267 1196 2319 So
1209 2266 1323 2320 mochte
1340 2280 1388 2333 my

56 2367 111 2394 ι
182 2349 242 2403 (iot
250 2347 356 2416 helpen
364 2348 460 2403 undal
472 2364 542 2416 syrie
556 2349 673 2417 bylgen.
687 2370 699 2397 ι
835 2419 839 2423 „

199 2431 226 2484 si
243 2430 335 2484 nollet
354 2432 451 2486 iurare
477 2433 522 2485 vol
550 2432 744 2495 difficultaret,
769 2432 915 2487 hereticus
928 2434 980 2486 cst
1003 2433 1259 2499 (interrogationes
1278 2432 1388 2486 extrav.

60 2514 440 2567 excommunicamus
450 2514 564 2581 primo).
732 2573 734 2576 .

197 2597 292 2650 Primo
303 2597 440 2650 iurabant
448 2598 483 2650 de
492 2598 613 2652 dicenda
623 2598 744 2651 veritate
761 2598 846 2665 plane
860 2597 923 2650 sine
934 2597 1122 2665 ambiguitate
1133 2596 1290 2649 etdirecte.

197 2679 354 2745 Anienem,
366 2680 442 2745 quod
452 2681 515 2734 sine
526 2683 642 2747 peccato
654 2681 752 2746 jurare
763 2682 854 2748 possit
864 2682 896 2733 in
912 2681 1028 2733 iudicio.

196 2761 377 2826 animantes
392 2764 512 2829 propter
528 2761 692 2816 scandalum
708 2763 855 2816 vitandum
872 2763 982 2830 possint
998 2762 1078 2816 licite
1095 2762 1191 2816 celare
1208 2763 1320 2816 secreta
1336 2774 1388 2816 sue

195 2927 266 2982 item
275 2941 312 2982 an
321 2929 424 2995 jurare
434 2931 599 2984 recusantes
609 2929 654 2984 vel
666 2928 821 2984 verbaliter
832 2929 928 2984 tamen
938 2927 1067 2995 jurantes
1077 2930 1211 2997 reputent
1228 2928 1388 2985 hereticum

106 3011 355 3066 werram.

195 3091 263 3144 Post
273 3091 475 3158 requirantur:

196 3173 277 3228 Unde
295 3174 498 3237 statement
514 3177 657 3243 parentes.
670 3175 842 3229 Utrumvivi
858 3175 903 3229 vel
926 3175 1040 3229 mortui.
1064 3174 1121 3228 Ubi
1143 3174 1232 3227 luerit
1257 3173 1390 3226 nutritus.

138 3253 217 3310 libi
227 3256 318 3310 ruerit
328 3260 520 3311 conversatus.
535 3259 630 3322 Quare
643 3272 822 3312 communem
834 3258 974 3312 habitum.
986 3257 1080 3319 Quare
1096 3268 1276 3310 communem
1287 3255 1389 3308 locum.

136 3341 205 3393 <dn
230 3340 332 3394 credat
360 3340 391 3393 in
414 3340 515 3394 Deum.
545 3343 591 3394 An
622 3342 760 3394 articulos
781 3342 858 3394 fidei.
880 3342 924 3394 An
947 3341 1124 3393 sacramenta
1144 3338 1273 3392 ecclesie.
1298 3339 1344 3391 An
1360 3339 1391 3390 in

140 3423 287 3476 sanem
302 3423 469 3477 'Romanam
492 3425 521 3477 et
544 3423 716 3477 catholicam
734 3425 896 3477 ecclesiam.
910 3425 953 3476 An
966 3425 1065 3475 tenere
1077 3420 1163 3474 aliter
1173 3435 1258 3486 quam
1270 3421 1392 3474 ecclesia

147 3507 331 3559 determinat
346 3507 521 3559 credendum
539 3508 576 3559 sit
593 3506 764 3560 hereticum.
786 3509 830 3560 An
851 3505 994 3559 rebellare
1015 3504 1160 3571 preceptis
1171 3502 1292 3557 ecclesie
1303 3504 1390 3570 perti-

150 3590 270 3643 maner
279 3601 395 3654 semper
408 3589 447 3641 sit
462 3591 609 3656 peccatum
629 3589 760 3643 mortale.
779 3591 822 3642 An
841 3592 939 3641 tenere
958 3589 1033 3654 quod
1049 3588 1184 3654 precepta
1200 3585 1321 3640 ecclesie
1332 3601 1389 3640 non

158 3670 291 3739 obligant
301 3671 430 3738 aliquem
443 3671 612 3725 hereticum.
625 3674 670 3725 An
682 3685 817 3737 umquam
829 3672 952 3724 audierit
969 3673 1134 3738 preceptum
1146 3669 1277 3732 ecclesie,
1289 3683 1391 3723 novam

157 3754 332 3822 religionem
341 3766 399 3807 non
410 3755 613 3808 assumendam
625 3758 653 3808 et
666 3769 722 3807 non
736 3755 935 3807 confirmatam
947 3755 1133 3807 deserendam
1150 3766 1223 3806 esse.
1235 3752 1280 3805 Aa
1292 3751 1391 3803 audie-

160 3839 343 3902 numiam,
355 3852 412 3904 que
425 3839 532 3891 dicitur
544 3840 743 3907 Bagardorum
754 3842 784 3892 et
795 3841 990 3907 Beghinarum
1008 3853 1057 3892 seu
1069 3839 1283 3900 Swestrionum
1295 3836 1390 3901 damp

167 3923 257 3975 natam
267 3933 341 3974 esse.
354 3921 428 3974 Item
445 3923 568 3987 quaudo,
581 3937 663 3988 aquo
674 3925 704 3975 et
715 3936 804 3989 quare
815 3924 921 3975 dietam
931 3925 1040 3976 sectam
1057 3923 1239 3988 reprobatam
1256 3932 1389 3983 assump-

167 4005 262 4068 serint,
282 4004 365 4058 etde
382 4005 466 4057 modo
491 4007 664 4073 receptionis
686 4009 715 4058 et
735 4007 868 4071 quamdiu
888 4006 1001 4058 duravit
1022 4007 1052 4057 in
1072 4018 1108 4058 ea
1124 4007 1153 4057 et
1169 4005 1219 4056 ubi
1235 4000 1388 4069 receperit.

164 4088 235 4143 Item
244 4100 334 4154 quare
345 4101 430 4141 sanum
441 4089 566 4142 existens
577 4089 683 4142 victum
692 4103 744 4154 per
754 4089 967 4142 mendicitatem
983 4089 1121 4154 quesierit
1137 4088 1168 4139 in
1182 4086 1385 4139 detrimentum

166 4182 318 4240 pauperum
328 4171 359 4223 et
368 4169 501 4224 laborare
512 4172 653 4224 recusavit
661 4173 762 4224 contra
778 4170 992 4237 rempublicam.
1005 4171 1078 4223 Item
1090 4169 1230 4235 quomodo
1243 4168 1385 4220 deserviat

10 4262 18 4295 Ι
167 4250 341 4323 ΜΛΝ
363 4253 427 4305 oret
447 4255 689 4319 recompensando
713 4254 823 4315 missas,
844 4253 982 4321 vigiliam,
1007 4252 1175 4320 psalterium
1197 4254 1226 4304 et
1248 4262 1385 4317 magnum

173 4333 448 4391 «ammiramis
459 4348 529 4400 quos
539 4349 607 4386 usus
619 4336 807 4401 expediantur
815 4335 995 4403 eleemosyne
1004 4338 1033 4388 et
1042 4350 1078 4387 an
1087 4335 1223 4387 reddatur
1234 4333 1382 4398 conpotus‚

308 4415 464 4480 necatur
473 4417 503 4469 et
514 4418 651 4481 quantum
663 4420 830 4483 exponatur.
843 4417 917 4470 Item
928 4431 963 4471 an
977 4418 1096 4470 Marthis
1109 4419 1138 4469 et
1150 4415 1383 4482 procuratoribus

428 4510 519 4552 essum
529 4499 559 4552 et
568 4496 701 4562 reditum,
713 4501 915 4561 comessorem,
933 4500 1140 4566 predicatorem
1152 4499 1182 4550 et
1197 4509 1300 4563 penam
1311 4509 1380 4562 por·

524 4581 624 4637 wne
638 4580 827 4637 obediendum
838 4581 1046 4651 quamplacitis
1058 4580 1219 4635 ecclesiast
1234 4580 1383 4646 inquisito-
