3188 5340
703 585 706 590 ,
757 519 862 576 suno
880 520 1021 604 mann

778 741 824 809 12
853 736 979 831 (sorr).

316 933 361 1023 (c.
382 936 572 1013 1175-1177‚
600 932 735 1022 aciat)
750 933 1127 1022 Smeekschrit'tgcriclit
1148 939 1199 1003 tot
1222 935 1284 1003 deu
1309 956 1392 1023 psus
1414 934 1496 1003 door

271 1037 312 1104 de
328 1035 504 1122 vervolgda
521 1037 730 1123 aanhangcrs
747 1057 809 1104 van
827 1037 889 1104 den
905 1037 1091 1106 Luikschen
1114 1039 1257 1127 priestcr
1280 1041 1434 1111 Lambert
1462 1045 1495 1110 lc

271 1138 394 1226 Bdguc,
408 1159 460 1206 om
472 1139 542 1205 zich
560 1146 593 1206 te
608 1138 770 1226 bellagen
787 1160 867 1207 over
883 1140 922 1206 da
938 1142 1233 1232 onrachtvaardige
1249 1145 1494 1214 kettervcrvol·

208 1262 210 1267 ·
270 1243 361 1330 ging,
391 1262 546 1309 waarvan
571 1243 616 1330 hij
645 1263 687 1308 en
718 1244 758 1330 zij
788 1243 828 1308 da
855 1243 1062 1311 slachtoffers
1088 1247 1152 1331 zijn
1181 1256 1340 1334 geweest.
1356 1252 1494 1318 -Dien

270 1345 529 1433 gcdvruchtigen
558 1365 598 1411 en
627 1365 797 1412 certamen
823 1347 964 1432 priester
988 1351 1187 1436 vervolgdan
1211 1353 1296 1441 zijne
1320 1353 1489 1442 vijandan,

271 1448 379 1516 omdat
395 1449 440 1537 hij
455 1449 489 1515 in
505 1449 591 1536 zijne
602 1449 818 1536 predikingen
836 1449 893 1517 het
910 1449 988 1517 volk
1011 1456 1060 1520 tot
1076 1453 1116 1519 de
1132 1456 1238 1542 deugd
1262 1478 1303 1523 en
1320 1458 1377 1525 het
1401 1478 1494 1525 ware

270 1553 382 1642 geloof
393 1554 539 1622 truchtte
550 1557 649 1638 terug
663 1557 698 1620 te
711 1550 871 1638 brengen.
897 1554 943 1641 Zij
969 1554 1131 1642 klaagden
1148 1559 1222 1625 hem
1245 1561 1296 1627 als
1312 1559 1425 1629 kattar
1447 1560 1491 1648 bij

269 1657 331 1724 deu
349 1656 500 1743 bisschop
516 1676 592 1733 aan,
620 1656 672 1722 die
692 1655 814 1722 zonder
830 1655 904 1722 hem
937 1664 970 1723 ta
998 1658 1122 1726 hooren
1150 1662 1225 1728 hem
1253 1669 1342 1729 eerst
1369 1663 1402 1728 in
1426 1663 1493 1750 ziJn

268 1759 470 1848 priesterlijlr
483 1757 571 1826 ambt
587 1761 737 1826 schorste
760 1779 800 1824 en
818 1759 894 1825 hem
916 1762 1114 1848 vervolgens
1141 1760 1221 1831 vbbr
1248 1765 1321 1832 rich
1343 1765 1403 1832 liet
1418 1786 1493 1832 ver·

267 1864 469 1952 schijnenen
485 1862 535 1929 als
557 1862 668 1930 ketter
684 1861 925 1940 vercordeelde,
953 1863 1113 1932 alhoewcl
1137 1866 1183 1954 hij
1202 1867 1244 1956 bij
1262 1870 1325 1937 den
1350 1891 1431 1957 paus
1459 1871 1493 1937 iu

268 1965 387 2054 beroep
403 1986 474 2032 was
498 1986 637 2052 gegaan.
659 1965 750 2067 Zijno
766 1964 976 2051 aanhangers
1001 1969 1135 2035 werden
1160 1968 1240 2039 vbbr
1263 1994 1344 2040 eene
1367 1974 1493 2065 synode

268 2069 428 2158 gedaagd,
458 2067 651 2154 onschuldig
675 2066 844 2134 bevondan
867 2089 908 2134 en
932 2070 1009 2136 toch
1025 2073 1201 2159 gepraamd
1218 2094 1270 2141 om
1286 2076 1374 2164 zijne
1397 2077 1489 2162 inge-

267 2171 380 2240 beclde
392 2171 580 2257 dwalingen
592 2171 630 2238 ai
641 2178 674 2238 te
686 2191 783 2256 gaen,
796 2171 919 2258 terwijl
933 2173 1002 2240 hun
1026 2176 1213 2262 gaweigcrd
1229 2179 1322 2246 werd
1335 2179 1397 2246 den
1414 2179 1494 2245 raad

267 2295 334 2344 van
348 2276 586 2363 godgelscrden
599 2276 633 2343 in
650 2283 683 2344 te
698 2294 831 2360 roepen.
857 2276 1064 2364 Vervolgens
1088 2279 1221 2348 werden
1236 2281 1278 2369 aij
1298 2302 1362 2349 van
1378 2280 1491 2349 hunne

264 2384 456 2472 geastclijlre
479 2382 610 2451 ambtcn
633 2381 801 2449 vercellen
825 2383 1001 2451 vcrklaard
1016 2405 1058 2451 en
1076 2387 1123 2454 uit
1147 2388 1205 2455 het
1220 2386 1348 2456 biadom
1362 2386 1489 2475 gaban-

266 2506 345 2556 ncn,
363 2488 408 2574 Zij
422 2486 575 2553 smcelren
590 2487 653 2553 den
669 2505 750 2572 paus
763 2503 814 2551 om
831 2485 910 2572 hulp
925 2506 968 2552 en
980 2485 1222 2577 bescherming.

487 2625 667 2685 Oueimonsb
684 2637 880 2691 oppressorum
891 2637 946 2690 pro
964 2622 1060 2676 codem
1078 2623 1260 2696 [lamberto]

298 2739 371 2800 Quia
387 2741 416 2791 in
439 2739 516 2790 omni
536 2736 752 2789 tribulationum
776 2737 917 2802 angustia,
939 2750 989 2801 spe
1017 2737 1052 2788 ad
1075 2737 1209 2790 solatium
1227 2754 1351 2806 superne
1373 2743 1493 2807 pietatis

267 2823 437 2875 currendum
450 2824 502 2881 est,
515 2822 545 2872 in
555 2821 624 2881 Deo,
635 2820 665 2869 in
677 2834 732 2883 quo
747 2820 839 2870 omnis
848 2818 924 2870 salus
933 2820 962 2870 et
970 2833 1035 2884 spes
1044 2822 1182 2884 consistit,
1193 2822 1269 2874 salus
1279 2827 1377 2875 nostra
1389 2826 1419 2876 ct
1427 2838 1492 2889 spes

265 2907 364 2957 nostra
374 2905 404 2956 in
423 2918 456 2956 eo
475 2905 527 2969 est.
541 2903 652 2961 Quanta
664 2902 693 2951 ct
705 2898 783 2964 quali
796 2899 929 2964 angustia
941 2900 1111 2963 quantisque
1129 2901 1346 2954 tribulationum
1356 2902 1492 2969 procellis

267 2987 364 3040 afflicti
382 3001 487 3048 sumus,
501 2985 666 3051 paternitati
677 2987 771 3034 vestre
789 2984 817 3033 et
829 2981 984 3032 universali
1001 2981 1156 3034 aecclesiae
1175 2997 1260 3048 super
1279 2985 1392 3048 injuriis
1410 2986 1492 3037 nobis

267 3069 356 3122 illatis
367 3072 396 3121 et
405 3069 555 3120 immeritis
564 3069 747 3119 manifestare
757 3067 876 3130 dignum
887 3065 1028 3116 duxinms.
1040 3064 1160 3123 Quidam
1171 3067 1313 3129 sacerdos,
1323 3064 1492 3121 Lambertus

268 3153 369 3214 dictus,
392 3152 422 3203 in
446 3151 597 3203 Leodiensi
621 3151 736 3200 civitate
758 3147 975 3199 sacerdotaliter
995 3147 1101 3211 vivens,
1116 3149 1188 3199 bone
1200 3150 1343 3213 opinionis
1355 3153 1384 3201 et
1394 3152 1492 3202 sancte

266 3233 416 3300 religionis
428 3238 488 3285 tum
505 3231 623 3292 clerum,
636 3232 697 3282 tum
714 3230 850 3296 populum
867 3229 974 3282 acultu
987 3230 1039 3282 Dei
1059 3232 1239 3283 recedentem
1251 3234 1280 3284 ct
1291 3233 1493 3298 ignominiosis

267 3317 413 3382 questibus
434 3317 529 3368 sDeo
549 3314 704 3366 alienatum
724 3326 833 3363 summo
854 3312 947 3364 studio
966 3326 1100 3364 revocare
1120 3315 1238 3363 conatus
1261 3316 1313 3365 est.
1338 3313 1393 3366 Sed
1422 3314 1491 3378 quia

266 3401 394 3465 dispares
411 3411 505 3450 mores
524 3397 649 3462 disparia
667 3397 761 3448 studia
780 3398 946 3460 sequuntur.
977 3411 1033 3448 non
1049 3395 1142 3448 solum
1162 3396 1257 3446 verbis
1276 3396 1492 3449 contumeliosis

268 3483 367 3536 clerici
384 3496 450 3535 cum
461 3481 632 3543 adiciebant,
645 3479 695 3530 sed
707 3479 790 3530 etiam
802 3478 900 3530 dolose
912 3481 941 3531 et
952 3479 1096 3545 figmentis
1113 3480 1142 3530 et
1152 3476 1233 3528 salsis
1244 3478 1492 3531 criminationibus

267 3566 422 3630 dampnare
439 3564 603 3616 nitebantur
614 3564 644 3614 et
655 3563 717 3625 ejus
727 3573 833 3627 magua
849 3573 966 3625 precum
976 3563 1007 3611 et
1022 3560 1234 3611 accusationum
1246 3560 1382 3612 instantia
1393 3561 1489 3627 damp

268 3634 377 3699 nationi
400 3645 576 3697 insistebant.
607 3643 807 3698 Convenerunt
834 3643 925 3708 igitur
949 3642 1113 3707 episcopum
1140 3654 1197 3693 uno
1226 3641 1359 3694 falsitatis
1388 3656 1489 3696 errore

269 3728 388 3790 seducti,
400 3725 465 3779 eum'
477 3726 635 3778 hereticum
647 3738 709 3777 esse
721 3725 848 3776 dicentes
856 3727 886 3776 et
897 3725 927 3775 in
938 3723 1023 3776 fidem
1032 3737 1144 3776 errasse
1156 3726 1324 3786 asserentes,
1334 3727 1366 3775 ut
1377 3739 1443 3777 eum
1455 3727 1491 3777 ad

268 3824 417 3863 commune
439 3808 592 3861 concilium
613 3809 762 3874 episcopus
784 3810 907 3870 vocaret,
930 3808 963 3858 ut
981 3807 1017 3858 de
1039 3806 1133 3858 heresi
1157 3819 1221 3857 eum
1242 3807 1442 3858 convincerent
1463 3813 1493 3859 ct

268 3893 465 3957 dampnarent.
479 3892 633 3943 advocavit
644 3905 709 3943 eum
721 3891 870 3957 episcopus
881 3894 910 3942 et
922 3891 998 3942 diem
1008 3889 1163 3949 constituit,
1178 3888 1227 3939 sed
1237 3889 1295 3952 jam
1305 3890 1450 3941 absentem
1463 3895 1493 3941 et

269 3976 448 4027 indefensum
465 3974 546 4039 quasi
563 3987 643 4026 reum
661 3987 679 4025 a
696 3974 834 4026 beneficio
850 3975 879 4026 et
895 3973 989 4024 officio
1007 3971 1161 4036 suspendit.
1175 3971 1296 4023 Vocatus
1314 3974 1441 4035 accessit,
1462 3977 1492 4025 et

268 4071 333 4110 cum
344 4059 384 4108 ibi
397 4059 534 4123 ageretur
545 4056 580 4108 de
598 4057 654 4109 dde
666 4060 695 4109 et
703 4057 770 4108 fldei
782 4055 920 4116 articulis,
938 4054 1026 4106 nichil
1038 4068 1124 4118 super
1135 4053 1180 4104 his
1192 4055 1220 4104 iu
1233 4068 1297 4105 eum
1309 4056 1489 4109 invenerunt.

267 4141 376 4194 Tamen
389 4138 572 4191 multitudine
583 4138 716 4192 clamoris
728 4141 758 4192 et
772 4138 905 4191 talsitatis
916 4137 1055 4189 voluntati
1067 4150 1117 4188 sue
1129 4137 1158 4186 in
1176 4137 1307 4188 omnibus
1329 4151 1450 4189 erronee
1462 4141 1494 4190 et

266 4225 339 4277 false
352 4224 517 4289 episcopum
530 4224 709 4275 attraxerunt
718 4224 748 4274 et
758 4222 852 4272 virum
868 4221 1058 4282 innocentem,
1076 4233 1192 4284 prorsus
1204 4219 1331 4270 moribus
1343 4218 1491 4273 hominum

266 4306 464 4372 improborum
476 4304 705 4363 dissimillimum,
717 4302 825 4368 judicio
836 4300 1028 4354 ecclesiastico
1045 4302 1213 4353 innitentem
1232 4303 1261 4352 et
1278 4301 1450 4354 renitentem
1463 4304 1494 4354 ct

266 4387 435 4440 universalis
453 4387 573 4440 ecclesie
585 4386 759 4439 audientiam
770 4383 961 4451 appellantem
972 4385 1206 4448 dampnaverunt.

299 4471 357 4521 Nos
369 4473 474 4531 autem,
487 4471 555 4534 quia
564 4468 722 4521 familiares
738 4468 764 4518 ei
782 4467 949 4519 videbamur
964 4468 994 4519 et
1005 4466 1134 4517 doctrine
1150 4466 1305 4519 christiane
1317 4467 1487 4527 imitatores,

267 4554 302 4605 ad
314 4552 503 4605 universalem
515 4552 654 4619 synodum
664 4552 889 4615 provocaverunt
905 4551 935 4602 et
948 4549 978 4600 in
995 4548 1124 4600 articulis
1136 4548 1202 4599 fidei
1220 4548 1308 4600 nichil
1327 4547 1444 4601 lesionis
1461 4549 1491 4600 in
