3256 5324
709 523 812 578 ANNO
832 526 895 576 1:11³
1383 521 1413 573 61

192 691 374 774 terklaard,
394 694 450 763 dat
473 695 513 782 aij
533 695 619 762 niets
635 695 667 761 in
692 695 715 761 ’t
739 693 890 760 voordeel
914 692 973 759 dar
996 690 1208 778 Tempelorde
1230 689 1359 758 haddon
1377 693 1410 755 te

199 815 329 884 ncggcn.

233 951 383 1004 Bademdie
392 949 493 1010 sabati,
505 946 571 1016 [que
583 948 639 999 luit
649 947 799 998 vicessima
809 946 932 998 secunda
944 946 1005 997 dies
1022 946 1127 996 mensis
1145 942 1334 1010 Novembria],
1352 957 1414 1009 per

210 1036 276 1089 venit
285 1049 317 1087 ex
328 1032 515 1098 quorumdam
528 1032 639 1082 secreto
651 1029 743 1082 relatu
756 1029 792 1081 ad
803 1029 938 1080 noticiam
951 1029 1137 1092 quorumdam
1149 1041 1185 1080 ex
1196 1027 1280 1079 dictis
1291 1027 1413 1078 dominis

214 1118 392 1173 commanis
401 1116 539 1181 quosdam
556 1114 684 1166 homines
693 1127 756 1166 esse
773 1115 903 1166 detentos
915 1113 1053 1178 Parisius,
1066 1115 1114 1178 qui
1126 1114 1293 1165 dicebantur
1302 1113 1415 1165 venisse

216 1204 320 1258 Peridus
330 1214 381 1266 pro
392 1201 470 1252 lacto
482 1199 624 1250 dictorum
633 1196 870 1262 Templariorum,
881 1199 910 1248 et
926 1200 958 1248 ut
975 1198 1161 1249 detenderent
1172 1196 1301 1248 ordinem
1312 1209 1417 1248 memo-

216 1291 296 1341 ratum.
308 1283 386 1335 Unde
404 1295 469 1333 cum
486 1281 540 1333 hoc
557 1281 658 1332 luisset
676 1294 728 1344 per
745 1278 820 1341 illos,
839 1282 888 1343 qui
906 1282 1015 1332 secrete
1026 1281 1155 1345 predicta
1163 1280 1340 1340 audiverant,
1350 1278 1415 1330 aliis

220 1367 315 1423 tonius
324 1363 444 1431 collegis
463 1377 562 1416 eorum
581 1364 748 1425 reseratum,
770 1361 980 1415 deliberacione
997 1362 1097 1414 habita
1115 1363 1190 1414 inter
1210 1377 1269 1423 eos,
1287 1363 1418 1414 lecerunt

221 1445 686 1511 vmbeadpreaenoiameommdem
693 1445 860 1510 magistrum
868 1444 1028 1497 iohannem
1035 1446 1070 1496 de
1078 1443 1235 1496 Plublaveh
1242 1443 1417 1508 prepositum

222 1529 331 1587 welleii
339 1529 525 1592 Par-iaiensis3
538 1530 641 1580 etcum
649 1527 805 1594 diligenter
813 1517 1007 1594 interrogatus
1017 1529 1119 1580 luisset
1130 1540 1182 1592 per
1191 1540 1249 1588 eos,
1267 1527 1292 1576 si
1309 1527 1338 1577 in
1360 1524 1418 1590 pri-

223 1619 282 1669 sione
294 1625 340 1664 sua
348 1611 471 1663 babebat
481 1611 525 1663 vel
536 1612 649 1663 tenebat
661 1610 781 1675 aliquos,
794 1612 842 1675 qui
855 1611 1018 1663 dicerentur
1034 1609 1145 1662 venisse
1172 1611 1206 1661 ad
1225 1611 1419 1661 defensionem

224 1693 351 1752 ammiel
363 1708 415 1759 pro
428 1696 502 1745 lacto
515 1695 604 1758 ipsius
615 1692 1044 1758 Templariorum,responditae
1053 1692 1160 1744 habere
1169 1694 1277 1757 septem
1287 1691 1417 1743 homines

225 1785 246 1834 in
252 1779 356 1846 prisione
365 1789 427 1837 sua,
438 1790 509 1839 quos
521 1776 636 1838 ceperat
646 1774 778 1825 inhabita
791 1774 896 1835 laicali,
906 1774 941 1825 de
951 1775 1082 1826 mandato
1095 1772 1255 1838 aliquorum
1267 1771 1417 1824 curialium

225 1861 397 1924 doniniregls,
410 1859 513 1923 quibus
531 1857 686 1908 curialibus
698 1859 792 1910 luerat
808 1856 941 1918 relatum,
961 1858 1035 1920 quod
1053 1857 1173 1921 predicti
1191 1856 1320 1907 homines
1338 1858 1420 1906 erant

227 1943 351 2010 ianuarii
362 1944 479 2009 lugitivi
490 1944 520 1994 et
532 1942 608 2007 quod
619 1944 756 1993 venerant
774 1941 911 2001 Parisius,
926 1943 1033 1992 mutato
1045 1940 1155 2001 habitu,
1171 1953 1235 1991 cum
1253 1940 1374 2003 pecunia
1385 1938 1420 1988 ad

228 2026 370 2094 querendum
387 2026 538 2079 advocatos
551 2027 581 2077 et
592 2024 770 2077 consiliarios
781 2027 811 2076 et
828 2025 864 2076 ad
882 2024 1109 2090 investigandum
1121 2023 1189 2087 quid
1201 2024 1287 2076 flebat
1298 2023 1333 2074 de
1345 2024 1420 2073 lacto

227 2109 307 2164 ordinis
318 2109 462 2169 antedicti,
480 2108 510 2159 et
521 2107 597 2172 quod
614 2108 690 2159 idem
701 2107 861 2172 prepositus
878 2107 1065 2171 inquisiverat
1081 2120 1145 2158 eum
1163 2107 1272 2157 duobus
1290 2119 1325 2157 ex
1342 2104 1419 2169 ipsis,

229 2207 279 2257 quos
287 2190 370 2243 eciam
385 2191 573 2255 subposuerat
585 2189 790 2253 questionibus,
808 2191 837 2240 et
855 2203 911 2240 non
931 2190 1079 2241 invenerat
1099 2190 1140 2242 ita
1155 2201 1218 2240 esse
1234 2189 1307 2239 sicut
1326 2189 1421 2240 luerat

229 2273 329 2326 mtum
350 2271 402 2323 Oui
424 2272 480 2322 luit
500 2272 665 2336 preceptum
685 2284 738 2336 per
757 2271 886 2322 dominos
910 2271 1119 2324 commissarios
1146 2272 1323 2331 memoratos,
1344 2270 1419 2335 quod

228 2355 359 2409 immediate
372 2369 422 2407 eos
434 2355 587 2407 adduceret
598 2355 633 2406 ad
642 2355 820 2419 presenciam
831 2355 1005 2408 eorumdem.

248 2438 344 2491 Etcum
363 2437 478 2489 adducti
499 2438 620 2489 luissent
636 2450 732 2488 coram
752 2439 794 2489 eis
814 2439 843 2489 in
863 2438 961 2490 babitu
980 2437 1112 2499 seculari,
1138 2437 1255 2489 luerunt
1273 2449 1370 2487 omnes
1391 2437 1419 2487 et

226 2519 304 2588 singuli
328 2518 483 2586 diligenter
511 2523 540 2571 et
562 2518 750 2585 singulariter
766 2521 936 2587 interrogati
959 2521 994 2572 de
1018 2521 1189 2582 nominibus,
1208 2519 1372 2570 condicione
1392 2519 1421 2570 et

227 2615 287 2654 cusa
299 2602 431 2653 adventus
448 2615 556 2663 eorum,
577 2606 607 2656 et
624 2605 648 2654 si
668 2603 800 2656 volebant
818 2605 971 2657 delendere
992 2605 1121 2656 ordinem
1144 2604 1347 2669 supradictum,
1366 2616 1418 2668 per

228 2700 276 2750 qnos
291 2685 339 2737 tnit
356 2698 524 2751 responsum
539 2688 571 2737 ut
585 2689 714 2751 sequitur
716 2725 766 2738 .....
988 2740 991 2745 ,

250 2768 356 2830 lemine,
374 2769 423 2834 qui
450 2767 523 2820 dixit
539 2782 569 2820 se
594 2770 690 2820 vocari
716 2769 866 2822 Nicolaum
882 2770 918 2821 de
942 2769 1032 2821 Sertis
1055 2769 1265 2822 cameracensis
1288 2769 1419 2831 diocesis,

229 2852 363 2914 aquarius,
386 2852 435 2915 qui
453 2851 525 2903 dixit
542 2865 573 2904 se
590 2854 683 2903 vocari
700 2852 864 2905 Escalinum
875 2853 911 2905 dc
931 2852 1070 2914 Terram,
1091 2854 1121 2905 et
1137 2853 1262 2917 quintus,
1283 2852 1332 2916 qui
1349 2851 1422 2902 dixit

229 2934 339 2985 revocari
359 2933 516 2985 Henricum
537 2934 649 2996 Clerici,
671 2937 701 2987 et
721 2938 826 2997 sextus,
849 2937 898 3000 qui
920 2936 994 2986 dixit
1015 2949 1046 2988 se
1068 2935 1164 2987 vocari
1183 2934 1421 2987 dobennetumde

229 3015 360 3077 cameraco,
373 3017 403 3067 et
419 3017 566 3082 septimus,
585 3018 633 3081 qui
651 3018 724 3068 dixit
741 3032 771 3069 se
788 3019 884 3070 vocari
901 3018 1084 3083 Henquinum
1100 3016 1213 3070 Villane
1231 3019 1266 3068 de
1284 3016 1419 3078 Pretano,

228 3096 352 3163 diligenter
368 3101 500 3165 requisiti
518 3114 606 3166 quare
623 3106 760 3154 venerant
778 3103 905 3154 Parisius
923 3105 952 3155 et
968 3103 993 3153 si
1010 3100 1144 3153 volebant
1168 3102 1275 3153 dictum
1293 3102 1422 3154 ordinem

228 3178 359 3244 decedere,
377 3184 586 3248 responderunt
602 3186 736 3250 precisas,
755 3186 830 3249 quod
848 3199 904 3237 non
922 3187 1059 3237 venemnt
1077 3184 1205 3236 Parisius
1223 3185 1259 3237 ad
1271 3185 1422 3237 detenden-

227 3261 274 3314 dun
291 3265 379 3330 ipsum
393 3265 533 3328 ordinem,
552 3269 582 3318 et
601 3267 676 3331 quod
688 3268 781 3333 ipsum
799 3267 933 3320 nolebant
953 3267 1118 3328 defendere,
1131 3280 1183 3319 nec
1194 3267 1308 3319 luerunt
1319 3267 1355 3319 ad
1366 3266 1421 3317 boc

228 3346 291 3409 nini,
304 3361 354 3401 nec
365 3349 530 3402 mandatum
541 3363 709 3414 aquoquam
718 3352 887 3416 receperant
894 3351 929 3402 de
941 3350 1017 3402 dicta
1033 3350 1198 3403 detensione
1216 3351 1353 3402 iacienda.
1365 3347 1419 3401 Ve-

228 3431 358 3483 runtamen
377 3432 547 3497 Henquinus
563 3435 593 3485 et
612 3432 748 3485 Nicolaus
767 3433 888 3499 predicti
906 3433 1048 3493 dixerunt,
1067 3432 1143 3497 quod
1160 3434 1275 3485 luerent
1297 3431 1366 3483 olim
1389 3432 1419 3482 in

228 3513 318 3565 alneio
331 3515 517 3578 quorumdam
526 3515 756 3581 'templariorum
764 3517 799 3568 de
809 3518 944 3568 comitatu
955 3515 1095 3578 Hauonie‚
1115 3518 1144 3568 et
1163 3515 1242 3567 missi
1263 3517 1298 3567 ab
1319 3516 1371 3577 eis,
1392 3515 1424 3566 ut

227 3594 404 3662 brmdgarent
421 3597 496 3661 quod
513 3598 596 3650 lieret
612 3598 741 3650 Parisius
758 3598 793 3650 de
813 3600 889 3650 lacto
907 3599 1033 3663 ipsorum
1052 3595 1280 3663 'templariorum
1300 3600 1329 3650 et
1348 3597 1423 3662 quod

225 3677 350 3729 redemerit
361 3680 541 3744 postmodum
553 3680 603 3731 eis.
1006 3721 1008 3726 .
1318 3724 1322 3732 .

246 3758 405 3813 dumautem
425 3763 581 3828 supradicti
596 3764 705 3827 septem
717 3765 880 3815 constanter
903 3765 1072 3825 assererent,
1094 3763 1169 3827 quod
1191 3763 1325 3816 nolebant
1348 3764 1423 3816 ordi·

222 3855 270 3895 nam
291 3845 442 3897 defendere
470 3845 673 3910 supradictum,
703 3845 770 3897 licet
798 3845 920 3910 predicti
945 3847 1053 3898 domini
1081 3847 1268 3897 commissarii
1289 3847 1425 3899 offerrent

220 3923 324 3988 sisqnod
332 3923 426 3989 parati
435 3923 517 3974 erant
525 3924 649 3989 benigne
659 3923 758 3974 audire
768 3923 891 3985 eoadem,
901 3928 930 3974 et
939 3924 1014 3987 quod
1023 3936 1133 3985 secure,
1143 3925 1166 3974 si
1176 3923 1309 3976 volebant
1317 3924 1424 3976 dictum

217 4005 327 4058 ordinem
349 4005 513 4068 detendere,
534 4006 627 4070 ipsum
652 4006 846 4068 detenderent,
874 4008 903 4058 et
929 4007 1064 4071 quicquid
1084 4005 1192 4058 vellent
1219 4006 1347 4059 dicerent
1372 4020 1424 4072 pro

215 4088 479 4154 ordinesupradicto,
492 4091 521 4140 et
532 4091 628 4140 essent
638 4102 759 4154 persone
774 4089 924 4153 dequibus
938 4103 995 4140 non
1013 4091 1076 4141 erat
1091 4088 1256 4150 verisimile,
1279 4089 1354 4152 quod
1371 4103 1423 4153 pro

212 4171 362 4224 detentione
379 4171 451 4222 dicti
470 4171 579 4222 ordinis
595 4173 747 4234 venissent,
761 4170 983 4223 licenciaverunt
993 4184 1043 4222 eos
1054 4185 1072 4222 a
1083 4172 1232 4236 presencia
1249 4171 1423 4235 eorumdem,

209 4254 324 4306 dicentes
332 4255 462 4319 predicto
470 4255 615 4320 preposito
624 4253 777 4316 castelleti,
788 4248 863 4318 quod
873 4256 950 4320 ipsos
957 4253 1003 4306 vel
1013 4268 1205 4319 quoscumque
1215 4254 1287 4306 alios
1295 4252 1423 4305 volentes

207 4332 332 4385 accedere
344 4334 381 4385 ad
396 4335 574 4398 presenciam
585 4333 727 4384 dictorum
745 4333 924 4385 dominorum
944 4333 1203 4385 commissariorum
1216 4335 1245 4385 et
1263 4347 1315 4399 pro
1329 4332 1424 4384 delen·

204 4416 278 4468 sione
286 4415 356 4466 dicti
366 4415 476 4467 ordinis
487 4414 532 4467 vel
542 4415 607 4468 aliis
615 4415 730 4480 aliquod
739 4429 899 4481 proponere
907 4430 1003 4468 coram
1017 4417 1068 4478 eis,
1082 4415 1245 4468 nullatenus
1257 4415 1423 4480 impediret,

203 4512 251 4551 neo
258 4499 295 4550 ab
306 4497 371 4550 aliis
380 4498 564 4563 permitteret
574 4498 786 4563 quomodolibet
797 4499 940 4564 impediri.
950 4498 988 4550 lit
996 4499 1142 4564 predictus
1150 4499 1311 4565 prepositus
1322 4496 1426 4550 Castel-

199 4583 248 4635 leti
267 4582 341 4633 dixit
360 4594 392 4632 se
412 4581 573 4646 pariturum
584 4582 614 4633 iu
633 4581 688 4633 boc
700 4581 840 4634 mandatis
860 4595 968 4644 corum,
989 4584 1019 4634 et
1038 4583 1074 4635 de
1092 4583 1239 4636 voluntate
1257 4584 1285 4634 ct
1309 4594 1425 4633 assensu
