3188 5340
323 117 356 168 22
805 111 909 166 ANNO
926 110 1067 163 litanti

323 298 430 346 vocem,
442 286 532 336 utres
546 282 690 349 exigebat,
709 281 739 331 in
755 278 808 333 hec
824 280 912 332 verba
928 279 1044 333 laxavi:
1063 301 1076 324 ι
1089 279 1273 335 Innocentem
1289 295 1334 335 me
1352 283 1387 334 ab
1405 285 1545 346 omnibus,

324 383 378 434 que
390 369 443 419 iste
455 365 601 419 maliciose
614 364 774 429 composuit
786 363 935 415 adversum
947 376 1001 426 me,
1011 365 1378 418 examinationecandeutis
1390 366 1462 418 terri
1471 366 1547 420 ultra

324 448 456 502 videlicet
471 460 611 500 canonum
629 447 804 498 sanctionem
822 446 944 511 probare
964 448 1095 510 paratum
1107 448 1229 509 noveris,
1242 447 1355 499 domine
1363 448 1506 513 episcope,
1518 450 1547 500 et

324 547 406 586 omne
418 533 472 583 hoc
483 529 646 581 concilium.
660 551 672 570 n
688 528 748 581 Hac
760 529 919 580 vociferans
936 541 953 580 a
966 529 1062 594 paucis
1082 543 1144 580 sum
1161 542 1212 594 pre
1225 529 1346 581 tumultu
1359 528 1483 593 auditus,
1499 528 1546 581 sed

324 632 341 670 a
359 616 480 676 nemine,
499 613 548 677 qui
562 611 699 664 auxilium
717 612 793 662 terre
805 613 834 663 et
844 610 932 663 vellet
948 613 977 662 et
987 610 1105 673 valeret,
1119 612 1276 664 exauditus.
1291 611 1405 683 Clamor
1421 611 1548 664 adversa·

325 701 432 752 riorum
449 696 569 758 tollitur,
581 697 746 760 episcopum
755 708 841 761 super
851 696 978 746 convicto
990 695 1141 746 consilium
1158 696 1232 747 inire
1243 695 1412 759 hortantum
1430 697 1548 748 severis·

324 783 396 833 sima
413 792 458 832 me
475 779 594 845 dignum
612 778 753 829 sententia
771 777 895 840 undique
911 775 1112 828 conclamatur.
1132 777 1212 828 Tunc
1228 778 1341 828 demum
1360 775 1464 828 molem
1477 778 1547 828 tanti

325 863 507 930 gravaminis,
526 865 603 913 tante
623 860 740 912 lesionis
751 862 781 911 et
793 860 931 922 injustitie
943 858 1163 924 perhorrescens
1175 859 1259 910 11111111
1272 862 1301 911 et
1312 872 1503 924 expavescens
1515 859 1548 910 ad

324 961 421 1008 unum,
443 945 517 1009 quod
534 943 627 996 solum
644 955 792 1007 superesse
805 941 954 993 videbatur
971 943 1127 1006 ereptionis
1144 956 1206 995 mee
1223 943 1381 994 remedium
1401 942 1546 1008 coniugio,

326 1028 480 1095 apostolice
492 1028 576 1089 sedis,
589 1027 635 1078 cui
647 1026 742 1077 divino
754 1025 868 1088 pietatis
882 1037 999 1076 munere
1015 1027 1109 1076 vestra
1120 1026 1277 1091 paternitas
1287 1025 1414 1090 presidet
1426 1023 1547 1089 appello,

326 1109 381 1174 ipsi
399 1111 460 1174 post
482 1110 572 1161 Deum
589 1123 634 1160 me
647 1109 773 1172 meisque
792 1107 958 1158 commissis.
972 1108 1059 1159 Facta
1072 1108 1168 1172 itaque
1183 1107 1375 1174 appellatione
1385 1105 1548 1172 appellatio

325 1192 425 1256 nisque
437 1194 567 1257 porrecto
579 1190 768 1259 cyrographo,
783 1192 849 1241 dum
862 1190 961 1255 egredi
970 1193 1000 1242 et
1011 1191 1163 1241 abscedere
1176 1204 1317 1256 pararem,
1338 1190 1416 1242 tante
1428 1191 1549 1242 auctori·

325 1275 391 1326 tatis
411 1275 587 1326 invocatione
605 1275 777 1337 contempta,
801 1273 888 1323 totius
910 1271 1298 1325 ecclesiasticeinstitutionis
1311 1272 1410 1324 ordine
1421 1274 1547 1332 conium,

326 1358 527 1410 continuerunt
539 1371 622 1409 aures
632 1371 697 1408 suas
710 1358 739 1407 et
753 1357 891 1420 impetum
905 1357 935 1405 in
947 1368 991 1406 me
1004 1357 1142 1407 iacientes
1153 1355 1241 1407 libros
1253 1356 1412 1406 divinarum
1430 1356 1548 1420 scriptu·

327 1454 422 1492 rarum
434 1440 528 1502 1111·=‚
541 1454 611 1505 quos
625 1441 665 1490 ibi
688 1438 841 1501 habebam,
853 1438 993 1490 violenter
1005 1451 1136 1503 rapuere.
1158 1438 1242 1490 Veste
1254 1439 1367 1497 demum
1383 1450 1449 1489 mea
1464 1438 1549 1489 scissa

327 1536 501 1587 corporeque
514 1537 570 1573 non
590 1522 716 1587 graviter
736 1523 831 1571 tamen
856 1533 929 1580 ceso,
953 1520 1032 1583 jussu
1053 1521 1179 1584 episcopi
1203 1532 1220 1570 a
1242 1520 1412 1574 satellitibus
1435 1522 1549 1586 repente

328 1604 458 1656 admissis
474 1605 571 1669 capior
583 1607 612 1655 et
624 1604 654 1654 in
667 1604 799 1667 captione
812 1615 875 1653 mea
886 1600 1036 1653 consilium
1047 1601 1176 1653 solvitur.

360 1684 394 1737 In
406 1700 548 1738 carcerem
565 1688 661 1750 itaque
675 1686 806 1736 detrusus
824 1686 854 1735 et
870 1684 940 1734 inibi
958 1685 1093 1749 compede
1105 1684 1200 1735 terrea
1216 1685 1317 1736 diebus
1335 1685 1460 1738 LXXIII
1475 1689 1549 1739 coar·

328 1771 414 1834 tatus,
426 1769 478 1820 Dei
496 1768 583 1820 solius
602 1769 828 1819 misericordiam
846 1766 1005 1831 imploravi,
1020 1780 1137 1833 gemens
1149 1769 1177 1818 et
1194 1767 1311 1819 dicens:
1332 1790 1344 1810 u
1354 1769 1437 1821 Zelus
1454 1770 1550 1819 domus

329 1853 395 1904 tuae
406 1852 528 1903 comedit
540 1865 594 1912 me,
614 1851 744 1911 Domine,
763 1855 792 1901 et
808 1850 959 1914 obprobria
974 1851 1207 1914 exprobrantium
1223 1851 1275 1901 tibi
1287 1851 1452 1903 ceciderunt
1469 1865 1550 1916 super

331 1947 376 1985 me
386 1950 394 1997 ς
406 1934 456 1985 sed
468 1936 508 1996 tu,
522 1934 641 1985 Domine
653 1934 793 1994 defensor,
812 1933 882 1983 educ
895 1933 929 1982 de
946 1945 1061 1983 carcere
1076 1933 1198 1983 animam
1216 1946 1318 1996 meam,
1336 1937 1367 1984 ut
1384 1935 1550 1986 confiteatur

331 2017 506 2078 nominituo,
520 2018 584 2080 quia
594 2017 679 2081 periit
690 2018 760 2081 tuga
772 2029 789 2066 a
800 2028 845 2065 me
858 2016 886 2065 et
898 2029 954 2064 non
966 2015 1010 2065 est
1021 2015 1068 2078 qui
1081 2016 1208 2078 requirat
1220 2017 1343 2068 animam
1355 2030 1457 2068 meam.
1472 2039 1484 2059 ι·
1497 2016 1550 2067 Ubi

331 2098 397 2148 dum
409 2112 481 2164 pene
494 2101 570 2150 omni
579 2113 629 2163 spe
642 2097 819 2149 liberationis
831 2097 981 2148 destitutus
992 2099 1127 2161 jacerem,
1140 2098 1255 2149 nuntius
1267 2098 1337 2149 mihi
1349 2100 1486 2165 dirigitur
1496 2097 1550 2149 tale

331 2180 461 2233 deterens
475 2182 647 2244 mandatum,
661 2181 744 2245 quod,
758 2182 781 2231 si
794 2180 897 2231 vellem
907 2179 1024 2243 absolvi,
1035 2193 1089 2243 que
1101 2179 1171 2230 mibi
1183 2181 1294 2245 objecta
1302 2182 1426 2243 inerant,
1440 2196 1552 2235 necesse

331 2276 377 2314 me
386 2266 459 2314 esset
468 2265 564 2315 omnia
571 2277 639 2315 vera
647 2264 734 2313 luisse
744 2263 773 2313 in
783 2261 904 2312 concilio
915 2261 1052 2313 confiteri.
1063 2260 1142 2319 Quod
1152 2274 1206 2327 ego
1215 2261 1436 2326 perhorrescens
1445 2266 1550 2324 audire.

332 2345 434 2396 nedum
444 2347 549 2408 tacere,
563 2346 719 2410 septennio,
733 2346 819 2395 immo
834 2345 910 2394 omni
928 2345 988 2394 vita
999 2357 1062 2394 mea
1074 2345 1103 2394 in
1115 2357 1229 2395 carcere
1238 2359 1283 2396 mc
1293 2344 1378 2397 malle
1387 2360 1552 2412 permanere

331 2429 473 2492 respondi.
492 2429 572 2479 Tunc
589 2441 656 2479 vero
674 2427 709 2479 ad
727 2427 889 2493 negandum
912 2424 1063 2486 Christum,
1083 2426 1130 2489 qui
1149 2427 1192 2476 est
1208 2427 1323 2490 veritas,
1341 2432 1553 2492 persuasionem

333 2508 406 2561 hanc
417 2510 549 2561 subtilius
559 2511 675 2561 tendere
687 2508 911 2573 deprehendens,
925 2509 1029 2559 iterum
1037 2521 1188 2558 conversus
1201 2508 1235 2559 ad
1246 2510 1398 2561 Dominum
1409 2511 1553 2563 dicebam:

335 2612 347 2634 u
361 2592 523 2656 Usquequo,
537 2594 667 2652 Domine,
680 2592 855 2643 oblivisceris
868 2605 912 2641 me
928 2591 958 2641 in
975 2591 1060 2641 linem
1071 2593 1081 2640 i
1094 2588 1237 2653 Illumina,
1250 2605 1346 2655 queso,
1359 2593 1459 2645 oculos
1470 2609 1553 2655 meos,

333 2688 369 2726 ne
377 2688 500 2738 unquam
514 2675 689 2725 obdormiam
701 2675 730 2724 in
740 2675 832 2724 morte
844 2673 1030 2723 confessionis
1042 2671 1126 2733 hujus
1138 2673 1267 2736 pessime,
1280 2675 1347 2737 quia
1359 2677 1408 2739 qui
1420 2675 1554 2727 tribulant

334 2770 388 2818 me,
401 2757 578 2816 exultabunt,
591 2758 615 2807 si
625 2759 717 2806 motus
727 2758 807 2806 tuero
821 2771 828 2818 ς
842 2768 896 2820 ego
906 2756 1001 2805 autem
1010 2755 1039 2805 in
1049 2755 1244 2806 misericordia
1255 2758 1303 2807 tua
1312 2759 1433 2822 speravi.
1446 2781 1459 2803 s

366 2838 448 2891 Talia
460 2841 587 2890 orantem
599 2839 694 2889 divine
713 2838 888 2888 miserationi
908 2851 953 2887 me
965 2837 1099 2888 exaudire
1116 2836 1294 2901 complacuit,
1314 2842 1404 2891 artem
1420 2855 1476 2904 qua
1486 2853 1556 2892 com·

333 2922 433 2986 pedem
455 2922 620 2981 dissolvere,
643 2921 737 2972 locum
767 2935 821 2984 quo
851 2931 994 2971 carcerem
1016 2921 1135 2970 evadere
1156 2934 1256 2983 queam
1277 2923 1417 2983 ostendit3
1442 2923 1556 2989 imuper

335 3003 524 3055 consiliumet
536 3003 673 3054 auxilium
687 3017 738 3067 per
757 3004 892 3066 quosdam
905 3003 978 3052 boue
997 3001 1149 3053 voluntatis
1165 3002 1293 3055 homines
1305 3006 1334 3055 et
1350 3006 1518 3069 promittere
1529 3007 1557 3056 st

336 3086 498 3150 impendere
516 3100 572 3136 non
593 3087 696 3136 renuit.
721 3086 810 3136 Nocte
831 3086 920 3150 igitur
932 3085 1101 3149 competenti
1114 3085 1166 3135 Dei
1183 3085 1288 3136 virtute
1300 3087 1409 3137 carceri
1421 3090 1451 3138 et
1468 3088 1566 3139 custo.

337 3169 419 3219 dibus
437 3167 556 3230 ablatus,
575 3168 636 3232 ejus
654 3168 781 3218 custodia
798 3181 815 3218 a
835 3169 973 3218 conventu
995 3167 1211 3232 malignantium
1229 3169 1257 3218 et
1278 3167 1460 3221 multitudine
1477 3181 1557 3220 mane

337 3251 566 3317 persequentium
577 3252 729 3314 protectus,
741 3263 965 3313 quaquaversum
975 3263 1063 3314 vagus
1071 3251 1102 3299 et
1113 3247 1179 3300 exul
1191 3248 1304 3311 delitui;
1315 3251 1353 3312 et,
1363 3251 1431 3315 quia
1441 3252 1558 3303 tratrem

337 3345 431 3384 meum
453 3333 580 3394 Petrum,
600 3333 692 3383 virum
711 3333 861 3383 admodum
881 3336 1026 3384 strenuum
1045 3333 1072 3382 et
1090 3329 1223 3393 validum,
1241 3332 1374 3396 equitatis
1394 3336 1559 3395 amatorem,

336 3417 423 3467 vestri
435 3418 586 3481 patrocinii
603 3417 759 3482 presidium
778 3417 931 3481 expetiisse
943 3417 972 3466 in
991 3428 1104 3467 carcere
1116 3414 1207 3466 adhuc
1223 3414 1392 3467 constitutus
1404 3415 1559 3477 audieram,

337 3497 426 3563 ipsius
437 3509 609 3563 regressum,
623 3500 775 3562 autequam
787 3499 937 3562 quicquam
956 3496 1034 3548 aliud
1045 3497 1223 3560 temptarem,
1242 3496 1349 3557 Trecis,
1363 3510 1418 3562 que
1436 3500 1480 3549 est
1493 3499 1562 3550 urbs

338 3578 429 3632 Gallie
438 3593 494 3630 non
505 3580 628 3641 infirma,
641 3593 831 3645 preoccupare
842 3581 984 3644 proposui.
997 3578 1081 3631 Obitu
1094 3579 1207 3629 tandem
1217 3579 1305 3643 ipsius
1322 3579 1393 3630 inibi
1404 3584 1561 3646 comperto,

337 3662 430 3712 subito
443 3661 563 3725 quadam
572 3663 693 3712 meroris
705 3660 807 3712 nebula
816 3663 1014 3722 circumtusus,
1022 3674 1078 3725 qua
1086 3661 1187 3725 pedem
1197 3662 1374 3727 porrigerem
1383 3662 1561 3729 ignorabam.

337 3743 384 3803 at,
407 3745 555 3807 postquam
577 3744 672 3794 divine
697 3743 900 3795 consolationis
926 3745 1021 3794 radius
1044 3742 1175 3808 caliginis
1198 3742 1282 3808 hujus
1302 3744 1473 3798 densitatem
1496 3733 1566 3801 lecit

338 3837 516 3887 evanescere,
540 3827 574 3878 ad
600 3827 777 3892 propositum
802 3827 1000 3892 appellationis
1023 3826 1114 3876 denuo
1132 3826 1295 3891 respiciens,
1320 3827 1376 3879 iter
1398 3828 1566 3892 quantotius

338 3907 457 3972 arripui,
472 3909 496 3959 si
512 3909 580 3973 quid
598 3909 633 3961 de
649 3910 731 3960 Petri
751 3910 857 3974 pietate
874 3911 903 3961 et
919 3909 979 3960 zelo
992 3908 1080 3974 ipsius
1093 3909 1123 3959 in
1139 3908 1204 3960 sede
1220 3909 1372 3961 resedisset
1383 3923 1567 3976 summopere

338 3991 476 4043 testinans
492 3992 522 4043 et
533 3991 632 4043 sitiens
645 3992 778 4056 experiri.

372 4070 408 4122 ht
416 4073 571 4124 ecoevsnio
580 4072 616 4124 ad
625 4072 662 4133 te,
676 4087 760 4138 quem
772 4075 801 4125 in
813 4075 940 4141 tempore
952 4073 1145 4126 tribulationis
1158 4073 1315 4137 adiutorem
1326 4074 1468 4137 invocavi,
1480 4089 1569 4141 quom

339 4153 473 4205 continua
494 4153 596 4208 debilis
618 4157 780 4221 egritudine
802 4156 961 4225 perlonga
985 4160 1127 4211 terrarum
1150 4155 1245 4227 spacia
1267 4157 1570 4230 experitcujusdesi-
