3188 5340
182 493 232 546 232
695 487 798 540 ANNO
818 484 888 538 1419*

183 660 282 709 contra
304 656 334 706 ot
352 654 492 706 aduersus
519 651 661 718 prefatum
679 652 797 704 tratrem
814 648 983 719 Serrurarij,
1009 653 1117 706 ordinis
1136 656 1228 708 sancii
1250 655 1395 726 Augustini

182 738 396 798 heremitarum,
407 736 439 801 jn
450 733 595 802 theologia
606 735 784 801 magistrum,
795 735 831 788 de
840 736 868 788 et
880 748 966 801 super
975 736 1118 788 nonnullis
1135 736 1265 792 articulis
1276 742 1397 794 emnels

182 823 212 874 in
224 822 280 873 ilde
296 818 418 873 ethonis
430 817 565 882 moribus,
586 816 815 882 scandalosisque
838 819 868 871 ct
889 818 1037 870 sediciosis
1056 820 1143 884 atque
1159 821 1275 885 piarum
1294 824 1398 877 aurium

183 903 340 965 offensiuis,
352 914 448 953 coram
458 899 564 966 populo
581 892 736 952 christiano
758 904 788 952 et
804 901 961 964 prouincia,
979 901 1096 954 ciuitate
1108 904 1138 967 et
1149 903 1258 957 diocesi
1270 907 1399 971 predictis

184 985 338 1052 predicatis
365 984 395 1037 et
416 982 613 1048 dogmatizatis
632 981 782 1034 ventilatas
799 985 884 1047 atque
897 984 1004 1048 motas,
1019 985 1179 1038 successiue
1202 988 1399 1048 commiserunt

184 1069 270 1121 certis
280 1066 422 1133 judicibus
439 1078 526 1130 super
543 1065 765 1130 quibuscumque
782 1063 939 1126 heresibus,
960 1067 990 1117 et
1008 1066 1172 1131 specialiter
1189 1082 1280 1134 super
1290 1073 1400 1124 sectaet

184 1149 257 1203 ialsa
265 1149 396 1201 doctrina
405 1148 546 1200 dictorum
556 1146 575 1199 J
577 1146 697 1199 ohannis
711 1145 831 1201 Wicleil
839 1153 869 1199 et
879 1146 1019 1200 lobannis
1032 1146 1118 1211 lluss,
1131 1150 1313 1216 generaliter
1323 1153 1401 1218 depu-

184 1233 262 1294 tatis,
279 1247 312 1284 ac
334 1231 420 1284 etiam
444 1243 543 1282 omnes
565 1231 595 1281 et
622 1228 749 1296 singulas
777 1243 876 1282 causas
901 1244 1102 1294 quascumque,
1131 1245 1202 1297 quas
1229 1232 1401 1287 honorabilis

185 1316 323 1382 magister
334 1312 456 1366 Michael
473 1313 508 1365 de
528 1312 623 1365 Broda
643 1312 850 1374 Tbeutonicali,
871 1315 1018 1377 promotor
1037 1315 1066 1366 et
1088 1314 1242 1383 instigator
1260 1330 1402 1369 causarum

186 1397 357 1459 huiusmodi,
370 1397 470 1447 contra
486 1394 600 1448 cosdem
612 1393 754 1446 hereticos
765 1408 815 1446 seu
827 1393 862 1446 de
874 1393 970 1447 heresi
992 1397 1137 1460 suspectos
1149 1410 1270 1451 mouere
1282 1399 1402 1452 intende

186 1481 244 1543 bat,
257 1481 307 1532 aut
318 1478 409 1530 mouit
419 1479 519 1529 contra
530 1489 722 1542 quoscumque
734 1476 875 1542 predictos
890 1479 919 1528 ct
936 1476 1007 1529 alios
1019 1477 1054 1530 de
1066 1479 1142 1530 dicta
1153 1477 1250 1532 heresi
1262 1481 1293 1532 iu
1304 1494 1404 1548 genere

184 1562 228 1616 vel
241 1563 271 1615 in
288 1562 382 1627 specie
394 1560 548 1625 suspectos,
570 1560 599 1611 et
619 1572 805 1625 personarum
826 1558 987 1611 huiusmodi
1009 1561 1145 1622 lautores,
1163 1563 1359 1627 receptatores
1376 1566 1404 1615 ct

185 1645 379 1698 defensatores
390 1642 559 1705 ubicumque
571 1642 679 1694 luerint
691 1641 837 1693 constituti
849 1641 893 1693 vel
906 1655 1083 1707 quacumque
1100 1644 1303 1711 preiulgerent
1318 1645 1402 1712 digni·

187 1730 255 1790 tate,
267 1725 507 1778 reuerendissimo
519 1725 548 1775 in
565 1723 678 1776 Christo
694 1725 768 1789 patri
788 1724 902 1776 domino
919 1725 937 1777 J
940 1723 1054 1790 ohannj,
1072 1725 1236 1791 patriarche
1248 1727 1402 1780 Constanti

187 1808 360 1875 nopolitano,
374 1807 537 1868 audiendas,
550 1807 770 1873 cognoscendas,
783 1806 952 1858 decidendas
970 1810 999 1859 et
1016 1807 1072 1859 flue
1090 1808 1186 1860 debito
1204 1810 1402 1872 terminandas,

187 1906 251 1944 cum
271 1890 401 1942 omnibus
424 1892 453 1941 et
473 1889 594 1955 singulis
617 1889 675 1939 suis
698 1889 921 1955 emergentibus,
943 1889 1142 1954 incidentibus,
1165 1891 1363 1956 dependendis
1377 1893 1405 1945 et

188 1974 332 2035 connexis,
343 1986 375 2024 ac
385 1986 420 2024 cx
430 1972 523 2023 officio
533 1972 686 2023 summarie
695 1972 895 2035 inquirendum
904 1975 933 2023 et
942 1972 1162 2036 procedendum,
1175 1985 1209 2025 ac
1217 1987 1404 2040 quoscumque

187 2070 336 2124 processus
354 2068 403 2107 seu
416 2055 569 2105 monitoria
587 2067 764 2118 quecumque
784 2053 1002 2120 expediendum,
1023 2054 1173 2121 omniaque
1193 2058 1224 2108 et
1236 2057 1356 2124 singula
1368 2059 1404 2110 la·

188 2139 393 2202 claudumque
405 2137 434 2188 in
447 2137 592 2201 premissis
604 2139 633 2188 et
644 2137 721 2187 circs
739 2149 773 2188 ca
785 2137 945 2188 necessaria
961 2137 1078 2200 luerint,
1096 2151 1146 2191 seu
1158 2139 1248 2191 etiam
1258 2139 1404 2204 quomodo

189 2220 261 2272 libet
271 2221 420 2284 oportuna.
434 2217 559 2278 Quarum
572 2219 688 2282 quidem
700 2219 930 2270 commissionum
941 2219 1040 2285 vigore
1051 2219 1120 2271 dicti
1132 2220 1241 2272 domini
1257 2222 1366 2287 judices
1375 2237 1405 2274 ac

188 2302 319 2355 dominus
335 2302 353 2354 J
355 2300 466 2353 ohanna
477 2300 651 2366 patriarcba,
663 2301 751 2366 J'udex
762 2304 792 2353 et
811 2301 1031 2364 commissarius,
1048 2302 1078 2353 iu
1095 2301 1179 2354 dictis
1195 2304 1291 2355 causis
1309 2305 1364 2358 rite
1378 2304 1404 2356 et

189 2384 317 2452 legitime
329 2383 526 2449 procedentes,
535 2385 656 2435 seruatis
669 2383 825 2449 seruandis,
835 2398 868 2435 ac
880 2383 1001 2450 cognitis
1012 2382 1174 2448 hujusmodi
1186 2398 1274 2438 cause
1290 2387 1403 2449 meritis,

189 2466 395 2534 prehabitaque
415 2479 501 2531 super
520 2467 666 2530 premissis
677 2464 883 2518 deliberatione
905 2467 1027 2530 matura,
1048 2466 1083 2519 de
1105 2467 1228 2520 consilio
1245 2471 1278 2522 et
1294 2482 1403 2522 asceam

188 2551 332 2623 certorum
343 2547 528 2615 prelatorum,
547 2549 750 2615 magistrorum
766 2548 797 2600 in
814 2561 894 2600 sacra
909 2549 1014 2615 pagina
1033 2551 1063 2601 et
1073 2550 1220 2615 viriusqne
1230 2552 1307 2617 juris
1317 2553 1404 2604 docto·

189 2645 262 2695 rum,
275 2645 354 2684 suam
366 2631 536 2683 diffluituam
548 2632 716 2683 sententiam
728 2632 763 2682 ad
775 2632 938 2683 instantiam
952 2631 1021 2682 dicti
1031 2633 1204 2696 promotoris
1214 2633 1280 2687 sine
1297 2635 1404 2702 instiga

187 2714 268 2777 toria,
281 2715 381 2766 contra
392 2715 422 2766 et
433 2713 570 2765 aduersus
582 2715 726 2778 prelatum
736 2715 856 2765 tratrem
866 2712 1015 2765 Nicolaum
1027 2716 1057 2766 et
1069 2727 1211 2781 organum
1223 2717 1297 2769 dicti
1304 2715 1404 2769 domiui

188 2796 351 2865 patriarche
359 2797 389 2848 iu
401 2796 515 2862 scriptis
528 2794 655 2847 tulerunt
666 2794 828 2847 huiusmodi
837 2796 889 2847 sub
901 2797 1001 2849 tenore
1014 2811 1020 2848 :

220 2879 336 2932 Gnatam
352 2892 458 2931 souma
470 2879 612 2931 inuocato.
626 2878 699 2939 Quia
710 2878 923 2930 communicatis
934 2879 1113 2944 processibus
1130 2879 1210 2933 inter
1225 2895 1280 2933 uos
1290 2886 1318 2933 ct
1327 2878 1405 2934 alode

188 2960 270 3016 verto
278 2959 318 3013 ad
327 2960 443 3013 vertum
451 2965 579 3027 utsupra
590 2974 677 3029 usquc
688 2957 727 3013 cd
738 2957 806 3012 boec
822 2959 923 3012 verbm
940 2961 1054 3026 publice
1065 2963 1205 3015 comburi.
1216 2963 1276 3028 (zie
1284 2978 1336 3016 ons
1343 2963 1404 3016 ahak

189 3053 220 3098 n‘
237 3043 294 3106 1³2,
310 3042 362 3094 blz.
379 3041 511 3107 mid).

221 3126 331 3180 Deinde
339 3139 391 3191 pro
401 3126 482 3190 parte
494 3124 693 3191 religiosorum
705 3127 830 3178 virorum
841 3125 962 3178 fratrum
979 3126 1118 3179 Johannis
1130 3129 1166 3180 de
1177 3128 1303 3195 Neapoli
1313 3128 1401 3183 Piedi·

188 3211 327 3271 catorum,
338 3207 452 3272 Antonlj
466 3207 501 3259 de
513 3207 638 3260 Garseuo
651 3207 803 3270 Minorum,
816 3208 968 3261 Bertrandi
977 3208 1125 3275 Wuquerlj
1140 3209 1367 3274 Carmelitarum,
1377 3213 1404 3263 et

190 3290 345 3346 Guillielmi
356 3290 481 3354 Arnaudj
500 3289 717 3356 augustinensis
728 3292 860 3343 ordinum
877 3293 1049 3344 assertorum
1066 3294 1296 3358 procuratorum,
1308 3295 1343 3347 ad
1353 3294 1404 3346 dic·

189 3378 249 3427 tum
267 3373 410 3425 dominum
423 3373 551 3424 nostrum
562 3387 664 3438 papam
676 3376 706 3426 et
722 3377 848 3426 sanctam
866 3374 963 3427 sedem
979 3372 1164 3439 apostolicam
1176 3376 1326 3442 appellati,
1336 3377 1404 3428 idem

190 3457 321 3509 domiuus
332 3457 429 3508 noster
444 3469 519 3529 papa
530 3456 669 3519 quandam
682 3457 887 3509 commissionis
899 3458 960 3509 siue
972 3456 1189 3522 supplicationis
1200 3458 1331 3512 cedulam
1339 3459 1404 3510 bone

188 3538 325 3591 memorie
335 3538 476 3603 quondam
485 3537 599 3589 domino
610 3539 731 3604 Angelo,
744 3539 820 3590 tituli
831 3541 992 3592 sanctorum
1001 3539 1081 3592 Petri
1094 3541 1124 3592 et
1141 3540 1305 3607 Marcellini
1317 3543 1404 3594 meto

189 3622 318 3676 Romane
327 3621 447 3674 ecclesie
456 3619 603 3683 cardinali,
614 3620 770 3673 Veronensi
779 3621 937 3688 vulgariter
949 3624 1121 3687 nuncupato,
1133 3621 1253 3675 zelatori
1264 3635 1402 3677 causanm

191 3703 258 3756 fidei
275 3703 495 3765 lementissimo,
513 3716 566 3769 par
582 3706 692 3756 certum
711 3717 793 3756 suum
811 3717 956 3758 cursorem
975 3705 1135 3771 presentari
1152 3705 1234 3772 lecit,
1249 3705 1403 3760 huiusmodi

192 3785 352 3838 subteriore
365 3799 372 3836 ε

225 3888 238 3911 κ
251 3867 417 3922 Bmussma
434 3868 540 3922 Panna.

225 3969 238 3993 s
252 3949 320 4002 Cum
338 3950 373 4002 de
385 3964 459 4002 anuo
476 3951 628 4005 millesimo
640 3952 919 4020 quadringentesimo
937 3953 1046 4006 dccimo
1059 3955 1171 4017 octauo,
1183 3955 1231 4008 dic
1246 3956 1405 4009 duodsdna

191 4032 295 4085 mensis
317 4030 437 4096 Aprilis,
458 4035 546 4085 luerit
568 4036 688 4098 quedam
709 4037 850 4090 sententia
872 4036 931 4090 lata
948 4037 1048 4088 contra
1072 4038 1244 4104 magistrum
1266 4038 1406 4093 Nicolaum

191 4115 357 4180 Serrurarlj,
372 4116 521 4168 continens
537 4117 655 4183 triginta
666 4133 749 4171 vnum
767 4118 903 4172 articulos
914 4121 944 4170 in
961 4131 996 4171 ea
1012 4119 1179 4184 descriptos,
1192 4133 1317 4185 quonam
1328 4120 1408 4187 aliqui

190 4199 256 4249 sunt
263 4197 461 4262 condempnati
472 4199 503 4249 in
514 4199 703 4263 preiudicium
712 4201 789 4264 fidei,
803 4201 892 4265 aliqui
905 4203 934 4253 iu
946 4201 1136 4267 preindicium
1148 4203 1280 4256 veritatis
1291 4207 1323 4258 et
1331 4205 1409 4256 bono·

190 4293 254 4331 rum
263 4292 384 4341 morum,
402 4282 431 4332 ct
443 4278 530 4346 aliqui
543 4280 572 4331 in
584 4281 771 4345 preludicium
787 4286 909 4347 quatuor
925 4284 1099 4350 religionum
1110 4283 1244 4338 ordinum
1255 4287 1410 4341 mendican-

190 4362 271 4423 tium,
295 4360 428 4414 videlicet
449 4363 674 4424 Predicatorum,
693 4363 845 4430 Minorum,
868 4366 1095 4433 Augustinorum
1111 4369 1141 4420 et
1163 4367 1249 4422 beate
1269 4369 1363 4425 biario
1380 4369 1414 4424 <le

193 4446 290 4495 monte
300 4443 431 4508 Carmeli,
443 4459 476 4497 ac
485 4446 571 4496 totius
583 4444 702 4498 ecclesie
715 4448 817 4510 status,
825 4449 855 4498 vt
865 4448 995 4513 pluribus
1007 4450 1136 4514 apparet,
1145 4464 1199 4517 per
1210 4454 1412 4507 reuerentissi-

194 4540 271 4582 mum
286 4528 397 4598 patrem
413 4527 557 4586 domiuum
567 4525 737 4594 iomanem,
755 4529 946 4606 patriarcham
957 4530 1319 4606 consuntinopolitanum,
1331 4537 1415 4595 trient
