3188 5340
573 476 680 530 ANNO
700 474 762 526 1³07
1250 476 1284 527 50

83 645 122 696 len
138 643 341 709 especiaumeut
361 656 422 696 aus.
434 644 560 709 prestres
582 643 617 697 de
640 642 704 697 leur
720 643 813 696 ordre.
836 641 873 696 ut
890 643 1006 694 doivent
1027 641 1048 693 li
1068 641 1278 694 commissaires

84 728 171 779 envoier
180 740 216 779 au
225 726 270 778 roi
280 741 328 779 sus
340 726 382 780 les
391 741 478 780 seaux
489 729 539 780 des
555 727 763 779 commissaires
775 725 811 778 de
823 725 1025 790 l’inquisiteur,
1038 723 1066 776 la
1076 723 1140 789 plus
1152 726 1208 776 tost
1220 737 1276 788 que

84 811 211 876 ilpormnt,
223 809 252 862 16
263 811 344 876 copie
352 810 387 862 de
400 809 430 862 la
440 810 599 875 deposition
608 810 644 861 de
656 822 727 860 ceux
738 809 785 872 qui
795 809 991 860 contesseront
1005 806 1047 859 les
1058 806 1143 859 dittes
1155 819 1279 866 arreum,

84 893 263 958 especiaument
274 891 301 945 le
310 895 470 945 reniement
480 893 515 944 de
526 892 629 944 Nostre
641 890 962 958 seigneurlehsu-cnt.

103 977 157 1029 Acis
169 977 285 1028 ruerunt
300 975 465 1041 praemissa,
484 977 607 1035 ostensa,
626 973 754 1026 exhibita
771 976 800 1025 et
812 974 913 1038 petita,
937 986 1020 1034 anno,
1040 971 1204 1033 indictione,
1224 972 1281 1035 die,

82 1071 162 1118 uenae,
180 1057 259 1120 hora,
277 1058 443 1123 pontificatu
464 1059 493 1108 et
505 1055 567 1108 loeo
588 1058 719 1120 superius
737 1056 891 1116 annotatis,
909 1055 1106 1119 praesentibus
1118 1052 1207 1105 nobili
1220 1056 1282 1107 viro

82 1140 169 1191 domiuo
187 1140 312 1192 (ierardo
335 1141 371 1193 de
394 1141 563 1200 Pinchouio.
586 1139 687 1201 milite,
709 1139 865 1192 venerabili
890 1139 951 1191 viro
975 1140 1114 1205 magistro
1137 1140 1224 1193 Petro
1245 1143 1282 1195 de

83 1221 234 1288 1166668166,
258 1225 395 1276 canonico
420 1225 508 1277 sancti
536 1223 652 1275 Martini
677 1222 823 1287 Yprensis‚
847 1223 877 1273 et
897 1220 1039 1282 iohanne,
1073 1221 1178 1275 clerico
1205 1225 1276 1278 dicti

83 1304 163 1356 donini
172 1305 350 1369 vicedomini,
360 1306 396 1358 ad
407 1307 564 1372 praemissa
571 1306 678 1358 vocatis
687 1305 807 1356 testibus
818 1306 847 1355 et
858 1305 978 1371 rogatis.

105 1385 197 1452 iitego,
209 1386 378 1440 Guillelmus
389 1390 480 1441 dictus
489 1391 525 1440 de
541 1388 672 1448 Belvaco,
685 1387 807 1437 civitatis
820 1386 992 1438 Morinensis
1005 1386 1136 1451 publicus
1146 1386 1280 1441 authori-

83 1469 315 1522 latcaacrosanctae
323 1471 469 1523 Romanae
477 1469 617 1523 ecclcsiae
625 1470 762 1530 notarius,
770 1469 916 1532 praedicta
925 1469 1021 1520 omnia
1031 1468 1066 1521 de
1076 1471 1162 1521 verbo
1172 1471 1207 1522 ad
1221 1485 1282 1522 ver-

83 1550 139 1611 tum,
149 1551 180 1604 ad
189 1553 404 1617 requisitionem
413 1557 441 1605 et
453 1556 585 1619 rogatum
594 1552 662 1604 dicii
671 1551 778 1602 domiui
790 1551 972 1614 vicedomini,
991 1549 1106 1616 'copiam
1116 1552 1240 1604 fideliter
1249 1555 1279 1605 ct

83 1635 219 1699 trmscripsi
230 1636 259 1687 et
267 1636 297 1686 in
310 1635 383 1688 hanc
395 1634 538 1702 publicam
549 1637 670 1686 iormam
679 1634 777 1699 redegi
788 1635 817 1684 et
825 1634 970 1697 praesenti
980 1634 1151 1699 transcripto
1163 1636 1277 1701 signum

84 1719 276 1782 naumapposui
286 1720 462 1770 consuetum.

110 1795 195 1850 1161611
202 1796 282 1866 signe
289 1797 359 1850 d'un
369 1815 592 1867 monogramme.

317 1916 362 1967 Du
372 1915 444 1981 Puy,
454 1915 574 1968 Histoire
586 1915 620 1968 de
632 1915 660 1967 la
682 1913 900 1967 condemnation
918 1911 966 1964 des
983 1911 1143 1980 Templiers,
1156 1914 1219 1966 decl
1241 1913 1281 1977 ΙΙ,

351 1997 403 2049 blz.
414 1999 536 2051 soa-321.
548 2027 577 2035 -
591 1999 633 2050 Do
645 1998 783 2062 schriJver
794 1998 873 2063 gceit
884 1996 926 2046 dit
937 1995 1003 2048 stuk
1012 1996 1071 2047 met
1078 1996 1133 2047 den
1145 1996 1220 2048 briei
1229 2010 1282 2050 van

350 2081 575 2133 danranschen
593 2082 702 2147 koning
719 2095 773 2132 aaa
790 2080 845 2131 den
862 2078 1050 2131 Vlaamschen
1069 2080 1152 2143 graui
1166 2077 1218 2144 (aie
1230 2095 1281 2132 ons

351 2164 418 2214 stuk
437 2162 634 2227 nr32(161bis)
657 2178 693 2228 op
717 2163 765 2215 het
786 2162 868 2214 einde
891 2174 945 2212 van
968 2161 1024 2224 siju
1050 2160 1129 2211 werk
1145 2163 1206 2212 met
1230 2161 1281 2237 het

351 2245 490 2312 volgende
499 2246 610 2297 bericht
620 2248 665 2298 ter
674 2247 814 2311 inleiding
825 2259 831 2296 :
843 2266 856 2287 u
869 2243 976 2309 Depuis
989 2242 1178 2308 l’imprcssion
1188 2243 1223 2295 de
1234 2247 1280 2297 cet

351 2339 474 2393 ouvrage
491 2341 546 2378 une
562 2341 703 2392 personne
720 2328 853 2379 curieuse
871 2340 889 2378 a
907 2324 1106 2388 communique
1126 2324 1167 2377 les
1184 2327 1279 2391 pieces

349 2410 500 2473 suivantes,
521 2409 570 2474 qui
589 2409 665 2460 n’ont
693 2425 729 2474 pu
759 2413 820 2463 erre
848 2409 974 2461 iusdrccs
1004 2407 1074 2458 dans
1104 2406 1131 2458 lc
1155 2410 1279 2472 premier

353 2490 474 2542 volume.
489 2513 501 2534 n

561 2664 613 2730 64
642 2657 769 2753 (161⁴).

114 2852 216 2939 (1307),
242 2853 439 2927 November·
460 2855 513 2931 29,
542 2854 695 2922 Brassei.
723 2854 814 2921 Briei
836 2876 898 2921 van
921 2857 985 2922 Jan
1012 2856 1054 2932 11,
1079 2857 1198 2947 hertog
1215 2878 1278 2924 van

80 2956 207 3039 Brubant,
226 2978 290 3025 aan
306 2958 369 3024 den
385 2958 575 3025 Franschen
593 2957 716 3044 kouing
737 2958 864 3044 Philips
892 2959 940 3026 IV
963 2958 1024 3024 den
1050 2959 1209 3035 Schoene,
1228 2979 1279 3025 om

79 3057 175 3130 iente
188 3061 415 3141 antwoorden,
428 3063 485 3130 dat
497 3062 541 3148 hij
556 3061 596 3126 de
611 3060 871 3145 Tempelridders
884 3060 987 3148 ziJuer
999 3069 1176 3148 gewesten
1189 3060 1282 3128 heeft

77 3159 141 3231 doen
161 3163 354 3232 aanhouden
374 3184 414 3231 en
443 3165 555 3232 hunno
572 3164 772 3250 bezittingen
795 3165 887 3231 laten
909 3165 1081 3245 aanslaau,
1110 3164 1221 3232 zooals
1239 3163 1279 3230 de

76 3263 179 3354 ioning
193 3267 269 3333 hem
287 3267 352 3333 had
367 3268 513 3334 bevolen.

96 3405 680 3471 1666166666666166666616666
692 3407 800 3471 prince,
813 3419 864 3457 son
877 3408 936 3459 tres
954 3406 1023 3458 cher
1040 3407 1186 3473 seigneur,
1200 3421 1279 3459 mon·

69 3488 188 3554 seigneur
207 3488 351 3554 Philippa,
368 3502 421 3553 par
442 3487 470 3540 la
492 3492 579 3555 grece
601 3489 636 3540 de
655 3489 736 3549 Dieu,
750 3489 792 3539 roi
814 3489 850 3540 de
873 3489 991 3550 Franco,
1014 3488 1118 3551 Jehan,
1140 3504 1194 3554 par
1205 3489 1279 3542 celle

66 3584 176 3624 meesme
185 3575 272 3638 grace
284 3571 338 3623 duc
349 3572 384 3623 de
402 3571 528 3633 Lothier,
545 3572 581 3623 de
602 3572 726 3623 Brabant
743 3572 772 3622 et
791 3571 827 3622 de
839 3571 1016 3632 Limbourch‚
1030 3575 1091 3622 tant
1103 3572 1138 3622 de
1151 3571 1272 3634 honeur,

63 3639 206 3706 reverence
217 3655 247 3705 et
258 3654 376 3716 service,
386 3666 494 3704 comme
506 3654 624 3704 mander
635 3651 656 3702 li
669 3653 746 3716 peut,
760 3666 897 3716 evesques
910 3652 997 3703 salut.

90 3736 159 3789 ries
175 3735 244 3787 cher
259 3737 341 3794 sires,
363 3749 413 3786 uos
432 3736 537 3786 iaisons
558 3736 652 3786 savoir
667 3736 692 3791 ,6
709 3737 788 3787 votre
808 3735 928 3786 hautece
949 3749 1004 3799 quc
1022 3749 1094 3787 nous
1111 3749 1197 3788 avons
1210 3737 1276 3788 bien

58 3819 177 3873 eutendu
200 3831 305 3882 ecque
328 3818 429 3869 mande
447 3831 517 3868 nous
536 3831 602 3869 avez
619 3817 732 3868 endroit
751 3817 786 3868 de
807 3816 835 3868 la
852 3818 977 3883 besegne
996 3818 1046 3869 des
1064 3816 1235 3882 Templiers,
1249 3820 1274 3870 si

55 3903 260 3970 responderons
271 3903 290 3952 a
300 3904 380 3952 votre
396 3901 548 3967 seguourie
560 3915 615 3965 que
627 3915 698 3951 nous
710 3914 796 3952 avons
808 3901 867 3966 pris
878 3900 921 3952 les
932 3901 1092 3967 Templiers
1103 3901 1274 3954 demouraus

54 4000 88 4039 en
108 3987 192 4037 noue
204 3986 282 4036 terre
294 3987 323 4036 et
334 3983 375 4034 les
387 3987 487 4035 teneus
499 3997 534 4034 en
546 3984 627 4034 notre
639 3984 736 4048 prison
753 3985 782 4035 et
799 3983 876 4034 leurs
889 3984 967 4036 biens
984 3987 1049 4035 sont
1061 3984 1161 4036 misen
1173 3986 1277 4046 arrest,

53 4070 114 4122 tout
126 4067 201 4120 ainsi
213 4079 322 4117 comme
334 4064 436 4116 mande
453 4064 480 4115 16
498 4078 569 4115 nous
586 4072 660 4116 avez.

85 4148 263 4203 Treschiers
275 4148 355 4208 sires,
368 4161 399 4199 se
408 4146 428 4198 il
440 4158 509 4199 vous
520 4145 593 4211 plest
602 4146 687 4198 chose
705 4161 760 4211 que
783 4161 853 4198 nous
873 4147 1003 4212 pussious
1020 4148 1103 4209 faire,
1122 4148 1193 4200 sele
1207 4163 1277 4200 nous

48 4231 163 4286 veulles
175 4225 303 4292 mandcr,
321 4232 349 4282 et
358 4230 461 4282 Nostre
473 4229 550 4281 Sires
561 4230 616 4280 soit
629 4229 717 4295 garde
727 4230 762 4281 de
777 4244 854 4282 vous.
1208 4279 1210 4282 ,

81 4315 183 4370 Eserit
199 4315 217 4367 a
234 4313 390 4376 Bruxelles,
408 4313 437 4366 le
453 4312 593 4365 mercredi
610 4316 693 4378 apres
711 4312 740 4364 16
755 4315 827 4365 leste
845 4313 1115 4367 Sainte-Catheriae.

317 4429 395 4482 Naar
411 4442 462 4482 666
482 4429 537 4481 HS.
555 4442 609 4480 van
627 4429 729 4493 Parijs,
747 4428 901 4495 aigedrukt
921 4430 958 4494 bij
978 4430 1094 4494 Kervyn
1112 4430 1147 4480 de
1165 4430 1279 4483 Letten·

349 4511 430 4575 hove,
444 4510 586 4581 L’Europe
602 4527 642 4565 au
657 4510 736 4564 616616
753 4509 788 4563 dc
805 4508 933 4579 Philipps
951 4509 976 4563 le
998 4509 1054 4572 Bel,
1076 4512 1106 4563 in
1130 4513 1165 4565 dc
1183 4512 1277 4567 Bulle-
