3188 5340
193 495 225 546 10
676 497 780 551 ANNO
799 497 940 548 ursum

224 662 387 714 sanctitatis
395 665 488 714 vestre
497 664 752 716 considerationem
763 667 962 732 subterlugere
974 681 1030 718 non
1048 667 1180 726 arbitror,
1203 669 1317 732 quantis
1329 668 1408 722 hodie

191 745 321 798 navicula
348 747 428 798 Petri
445 748 583 798 viciorum
606 748 737 800 ductibus
757 748 947 813 propulsetur,
969 762 1054 811 quam
1077 749 1257 814 impudenter
1273 764 1408 816 generosa

191 842 294 894 sponsa
311 827 415 878 Christi
439 842 458 879 a
476 830 535 880 suis
554 833 741 894 prostituatur
763 831 966 896 paranimphis.
986 833 1105 883 Parcius
1128 834 1242 897 quidem
1259 834 1408 888 dolendum

192 917 263 973 erat,
276 913 300 964 si
317 917 374 963 tam
386 914 523 977 probrosa
535 915 569 965 ab
583 916 725 967 extraneis
737 918 892 980 pateretur,
917 917 942 966 si
965 916 995 967 hi
1019 915 1067 979 qui
1091 916 1161 965 loris
1180 919 1254 975 sunt,
1273 919 1333 968 suis
1351 933 1408 971 ean

191 998 374 1045 concuterent
386 996 657 1061 impugnationibus.
671 999 708 1048 At
728 1012 802 1049 nunc
813 999 889 1048 cives
907 1013 972 1049 suos
984 999 1181 1063 persecutores
1192 1000 1314 1051 sustinet
1325 1004 1354 1052 et
1365 1015 1408 1053 eoa

191 1090 262 1140 quos
275 1078 383 1142 genuit,
404 1078 533 1128 inimicos
546 1080 701 1143 experitur.
713 1081 794 1130 Nunc
817 1081 877 1144 ipse
900 1083 998 1145 partus
1018 1080 1109 1130 ventri
1127 1079 1246 1133 insultat
1266 1085 1295 1134 et
1312 1083 1366 1135 tilii
1384 1086 1408 1137 in

190 1162 311 1212 matrem
329 1163 486 1221 armantur,
500 1175 574 1211 nunc
585 1161 840 1227 pseudodiscipulis
852 1164 1020 1227 magistrum
1030 1162 1117 1211 tradit
1137 1165 1264 1215 veritatis
1282 1167 1311 1216 et
1334 1181 1408 1218 asuc

190 1242 331 1298 Abselone
344 1244 434 1294 David
451 1248 614 1295 mansuetus
633 1244 823 1296 conculcatur.
846 1246 925 1297 Inter
947 1245 998 1296 has
1010 1244 1136 1296 desolate
1157 1244 1232 1308 Syon
1254 1247 1408 1309 angustias,

191 1330 273 1394 pauci
286 1332 351 1378 sunt
362 1330 410 1392 qui
420 1329 602 1380 consolentur
611 1342 673 1380 eam
685 1343 720 1380 ex
733 1331 863 1380 omnibus
872 1330 949 1379 curis
960 1331 1022 1393 ejus
1035 1346 1042 1390 ς
1064 1328 1148 1380 amici
1166 1328 1228 1391 ejus
1245 1332 1408 1392 spreverunt

190 1425 253 1462 eam
265 1413 292 1460 et
306 1412 373 1461 lacti
387 1418 449 1461 sunt
460 1413 486 1461 ci
499 1413 617 1463 inimici.
626 1412 705 1471 Quod
717 1426 772 1477 ego
784 1414 842 1476 jam
854 1413 964 1476 pridem
976 1413 1054 1463 cordi
1067 1425 1130 1462 meo
1143 1423 1287 1474 apponens
1295 1412 1408 1475 apposui

191 1496 217 1541 et
229 1488 365 1549 dolorem,
379 1491 459 1553 cujus
471 1491 547 1555 ignis
560 1492 589 1541 in
601 1491 785 1541 meditatione
796 1505 860 1542 mea
871 1492 1037 1554 frequenter
1055 1492 1171 1542 exarsit.
1194 1491 1323 1555 Denique
1336 1493 1408 1543 ilam-

191 1586 300 1623 marum
312 1572 413 1637 globos
425 1573 453 1622 in
472 1574 633 1638 angustiato
654 1575 769 1637 pectore
792 1572 982 1624 coalescentes
1003 1572 1123 1624 ulterius
1143 1575 1219 1624 terre
1237 1588 1293 1623 non
1305 1573 1408 1635 valam,

190 1669 284 1706 meum
295 1657 357 1705 voci
369 1655 477 1706 credidi
490 1654 617 1706 dolorem
637 1658 666 1706 et
686 1655 760 1719 quod
778 1657 807 1706 in
831 1657 915 1706 corde
927 1656 974 1707 diu
996 1655 1128 1716 latuerat,
1141 1655 1240 1722 lingue
1253 1657 1408 1707 ministerio

189 1739 325 1803 expressi.
345 1738 454 1803 Quippe
477 1740 570 1789 officio
593 1739 798 1802 predicationis
814 1740 956 1799 insistens,
975 1739 1085 1790 accinxi
1103 1753 1148 1790 me
1166 1739 1262 1804 gladio
1284 1742 1408 1806 ancipiti,

188 1824 274 1875 vcrbo
291 1819 424 1872 videlicet
436 1821 559 1880 Domini,
573 1834 670 1871 secans
682 1822 751 1871 vitia
763 1823 791 1872 et
800 1824 982 1886 prosternens
994 1824 1023 1872 et
1035 1822 1143 1872 iaciens
1156 1823 1367 1886 increpationes
1384 1825 1408 1874 ir

188 1901 310 1966 populis.
329 1902 442 1962 Verum,
461 1906 492 1952 ut
501 1902 588 1952 totius
600 1904 748 1966 pretaxate
759 1904 950 1967 corruptionis
960 1917 1047 1954 causa
1059 1902 1171 1954 sublata
1182 1904 1296 1954 iacilius
1309 1919 1408 1956 ammo

187 1985 396 2049 veretur,ipsos
407 1998 539 2050 agressus
551 1998 613 2034 sum
630 1985 806 2048 presbiteros
818 1985 901 2048 hujus
926 1985 1090 2050 pestilentie
1112 1988 1257 2037 ministros
1277 1986 1368 2035 iactos
1385 1986 1408 2034 ir

188 2066 389 2118 offendiculum
401 2066 495 2116 domui
507 2065 606 2116 Israel.
614 2066 756 2125 Quosdam
766 2068 862 2130 itaque
871 2072 981 2119 secreto
992 2070 1160 2132 corripiens,
1175 2066 1326 2119 nonnullos
1338 2067 1408 2115 testi

187 2148 238 2198 bus
251 2149 385 2199 adhibitis
397 2149 565 2208 commonui,
580 2151 608 2198 et
618 2150 685 2212 quia
695 2162 791 2200 coram
801 2150 932 2200 omnibus
949 2151 1104 2214 peccabant
1120 2154 1148 2201 et
1166 2152 1313 2214 peccatum
1331 2161 1408 2198 suum

187 2231 260 2280 sicut
271 2231 392 2281 Sodoma
403 2230 597 2294 predicabant,
609 2231 679 2281 vitia
690 2244 789 2282 eorum
807 2232 974 2295 quandoque
989 2246 1087 2283 coram
1105 2233 1235 2283 omnibus
1247 2229 1408 2295 perstrinxi.

187 2318 219 2361 ut
229 2313 306 2362 itaet
319 2310 473 2376 apostolice
485 2312 673 2363 ordinationis
684 2315 767 2364 tenor
778 2315 942 2364 servaretur
953 2320 981 2365 et
991 2316 1157 2378 preceptum
1170 2329 1226 2366 non
1238 2315 1408 2366 offenderen-

187 2394 450 2454 turtsic)veritatis.
464 2395 512 2445 Ait
532 2394 609 2445 enim
628 2395 798 2460 Apostolus:
822 2396 1018 2447 «Peccantem
1038 2410 1134 2447 coram
1152 2397 1292 2457 omnibus,
1315 2410 1408 2447 coram

187 2476 317 2525 omnibus
326 2487 436 2540 arguen
447 2491 454 2538 ;
464 2479 493 2526 et
504 2477 609 2528 veritas
623 2478 651 2527 in
664 2476 837 2543 Evangelio:
859 2478 909 2528 “Si
922 2479 1085 2542 peccaverit
1098 2478 1128 2528 in
1137 2481 1175 2536 te,
1188 2482 1216 2528 te
1226 2478 1343 2538 sciente,
1356 2479 1408 2527 ira·

185 2561 230 2609 ter
239 2562 313 2618 tuus,
326 2559 438 2623 corripe
450 2572 515 2609 cum
525 2576 552 2622 »3
566 2562 595 2609 et
606 2562 709 2611 cetera.
724 2560 769 2610 Ita
778 2574 841 2625 ego.
850 2561 955 2611 Verum
970 2560 1023 2624 ipsi
1036 2559 1222 2624 quidem,ipsi
1235 2558 1408 2610 miserabiles

185 2643 214 2693 et
235 2642 320 2693 flendi
341 2642 376 2692 ab
394 2642 559 2692 inveteratis
583 2641 727 2692 ulceribus
743 2644 932 2707 correptionis
956 2646 1029 2692 testa
1047 2656 1103 2692 non
1127 2642 1286 2692 sustinuere
1303 2641 1408 2693 saniem

185 2727 321 2791 abstergi,
343 2727 392 2777 scd
415 2727 618 2777 freneticorum
639 2739 718 2776 more
742 2739 857 2777 manum
880 2727 1006 2776 curantis
1026 2725 1220 2790 reppulerunt,
1233 2725 1343 2776 medico
1361 2738 1408 2774 suc

185 2809 388 2859 comminantes
402 2810 469 2871 ;sed
482 2823 534 2860 nec
544 2811 583 2860 ita
595 2823 612 2860 a
628 2809 774 2874 proposito
788 2809 894 2870 destiti,
908 2808 975 2872 quia
986 2809 1090 2859 caritas
1103 2807 1207 2858 Christi
1225 2809 1348 2872 urgebat
1357 2823 1408 2861 me.

181 2894 335 2945 Audieram
352 2894 428 2944 enim
449 2894 484 2944 ab
496 2893 558 2956 ipsa
569 2893 699 2944 veritate.
718 2891 793 2955 quod
805 2890 921 2942 lucerna
931 2892 1060 2942 veritatis
1073 2904 1128 2941 non
1138 2894 1202 2941 erat
1213 2890 1408 2944 abscondenda

183 2977 235 3027 sub
247 2976 341 3028 modio
354 2976 474 3028 timoris.
485 2975 639 3028 Audieram
657 2976 686 3025 et
706 2988 723 3025 a
741 2974 839 3038 Petro,
862 2973 937 3037 quod
960 2976 1075 3037 oportet
1096 2974 1156 3024 Deo
1178 2973 1270 3038 magis
1294 2974 1408 3026 obedire

184 3072 268 3123 quam
281 3057 463 3121 hominibus3
486 3058 631 3109 audieram
648 3060 677 3108 et
693 3070 710 3107 a
730 3055 910 3120 philosopho,
930 3057 1064 3120 quoniam
1083 3056 1190 3107 veritas
1210 3056 1306 3105 odium
1325 3058 1408 3120 parit,

184 3144 222 3194 At
235 3142 288 3205 ipsi
301 3124 450 3193 reddentes
462 3139 567 3192 melum
590 3154 641 3204 pro
655 3139 735 3189 bonis
747 3140 776 3190 et
799 3139 895 3190 odium
910 3152 962 3202 pro
983 3138 1135 3190 dilectione
1157 3151 1220 3189 mea
1232 3137 1408 3205 collegerunt

183 3223 344 3286 concilium,
363 3224 548 3275 decernentes
573 3235 618 3272 me
645 3222 728 3272 ruina
747 3221 956 3285 dampnationis
980 3222 1217 3286 opprimendum
1235 3224 1264 3272 et
1291 3223 1360 3285 quia
1380 3223 1408 3274 in

183 3308 316 3372 operibus
324 3308 405 3368 meis,
419 3307 479 3358 Deo
492 3304 657 3369 opitulante,
682 3303 769 3354 nichil
791 3303 841 3355 tali
859 3303 977 3368 dignum
989 3305 1151 3369 repperitur
1162 3305 1325 3368 opprobrio,
1338 3305 1408 3356 iacti

183 3395 249 3442 sunt
260 3403 383 3455 aucupes
392 3389 568 3449 sillabarum,
579 3389 611 3439 ut
619 3401 664 3439 me
677 3387 812 3452 caperent
821 3388 849 3436 in
863 3399 1002 3436 sermone.

218 3473 292 3523 Dum
304 3472 393 3538 igitur
405 3473 435 3523 in
444 3470 679 3536 interrogationis
691 3472 720 3521 et
738 3469 931 3535 responsionis
943 3468 1096 3520 collatione
1108 3468 1339 3520 Emerentianam
1349 3471 1408 3522 sine

185 3554 289 3607 actuali
299 3555 482 3619 perceptione
491 3553 668 3618 baptismatis
685 3552 773 3603 tuisse
791 3551 928 3602 salvatam
940 3564 1137 3615 proponerem,
1150 3552 1310 3603 Romanum
1323 3553 1408 3603 etiam

185 3653 202 3690 a
215 3639 368 3689 Laurentio
380 3650 546 3688 conversum
559 3636 620 3686 sine
629 3634 770 3700 corporali
782 3633 942 3698 sumptione
955 3633 1095 3684 Dominici
1108 3634 1236 3698 corporis
1253 3638 1281 3683 et
1294 3635 1408 3698 sangui·

184 3722 238 3782 nis,
261 3721 466 3786 suggesserunt
489 3718 592 3769 litteris
616 3718 675 3768 suis
692 3715 821 3767 clanculo
850 3716 1017 3780 conscriptis
1040 3714 1160 3766 ecclesie
1190 3715 1340 3767 Leodiensi
1366 3730 1408 3767 mc

184 3804 298 3869 publice
311 3803 472 3866 predicasse
495 3803 672 3853 sacramenta
691 3814 749 3851 non
769 3811 831 3850 esse
849 3799 1009 3849 necessaria
1031 3798 1066 3849 ad
1086 3797 1215 3849 salutem.
1241 3797 1324 3852 Item,
1344 3798 1408 3848 dum

184 3887 299 3950 quidam
312 3886 440 3936 astruere
449 3883 545 3944 vellet,
569 3883 645 3947 qnod
668 3882 698 3932 in
718 3883 896 3932 sacramento
919 3880 1103 3938 eucharistie,
1124 3894 1158 3931 eo
1177 3880 1252 3943 quod
1270 3879 1305 3930 de
1319 3878 1408 3930 latere

185 3967 417 4033 Christisanguir
431 3968 542 4030 etaqua
564 3966 749 4031 profluxerat,
767 3963 864 4015 vinum
884 3975 936 4027 pro
957 3963 1187 4027 sanguineaque
1207 3961 1328 4011 mixtum
1343 3963 1408 4026 poni

184 4051 311 4112 deberet,
329 4048 439 4112 quesivi
463 4062 519 4098 non
536 4051 602 4098 voto
622 4046 758 4109 discendi,
779 4045 829 4096 sed
840 4045 934 4095 studio
958 4042 1194 4108 reprehendendi,
1215 4056 1266 4094 cur
1277 4041 1408 4094 similiter

184 4147 235 4198 pro
245 4146 319 4197 aqua
327 4130 372 4182 lac
384 4130 425 4181 ibi
438 4145 493 4181 non
502 4132 702 4195 apponeretur.
709 4125 972 4179 conclamaverumt
980 4140 1049 4191 ergo
1062 4139 1106 4176 me
1116 4125 1280 4185 asseruisse,
1287 4124 1363 4188 quod
1376 4124 1408 4175 de

184 4214 258 4267 lacte
270 4215 366 4280 posset
375 4213 547 4265 eucharistia
556 4211 726 4263 consecrari.
748 4209 829 4269 Quod
845 4223 909 4260 cum
928 4209 1078 4270 audissem,
1089 4208 1162 4258 sicut
1172 4206 1277 4258 nullius
1289 4207 1409 4258 istorum

185 4298 315 4348 conscius
327 4296 459 4361 obstupui
469 4299 498 4346 et
509 4307 605 4345 coram
618 4295 730 4358 prelata
741 4291 863 4344 ecclesia
878 4291 954 4342 hunc
966 4304 1094 4342 errorem
1106 4291 1257 4349 inficiatus,
1271 4291 1408 4354 spopondi

185 4394 239 4440 me,
251 4381 274 4430 si
287 4381 452 4445 impeterer,
471 4378 645 4429 sufficienter
662 4387 865 4440 responsurum
889 4373 934 4424 his
957 4372 1095 4424 omnibns.
1115 4373 1220 4424 Verum
1238 4371 1278 4422 nil
1291 4373 1408 4436 proluit¹

184 4463 233 4514 sed
245 4466 345 4514 eontra
356 4475 496 4513 canonum
516 4460 676 4511 sanctiones
694 4458 781 4509 etiam
801 4459 867 4508 ante
884 4457 1059 4514 citationem,
1082 4455 1184 4506 nedum
1205 4455 1408 4506 discussionem

185 4545 355 4601 sententiam
373 4542 582 4609 dampnationis
604 4539 721 4607 protuli,
740 4539 878 4591 beneflcio
898 4537 982 4589 simul
1003 4540 1032 4590 et
1051 4538 1145 4588 edicio
1157 4536 1293 4604 privatus.
1318 4536 1408 4588 Porro
