3188 5340
583 495 688 550 suno
706 495 771 547 rare
945 455 949 459 ’
1263 493 1298 544 ra

56 660 144 727 orde
159 658 346 748 algeschaft
367 658 445 728 had.
470 661 561 728 Doch
590 679 631 746 op
646 660 718 726 veel
735 659 884 745 plaatsen
908 659 1003 725 leven
1028 658 1292 747 reohtgeloovige

59 763 239 852 Begijnen‚
254 762 381 831 dioran
394 762 733 848 desereroordeeling
749 766 880 829 moeten
894 762 1128 848 nitgezonderd
1145 764 1292 831 worden.

62 868 110 934 lie
126 864 342 955 hisschoppen
355 873 484 934 mosten
500 865 696 952 znlhdanige
720 865 879 953 Bogijnen
907 869 1007 951 tegen
1031 863 1112 932 hare
1139 865 1292 954 vijanden

62 969 291 1038 beschemen.
309 968 434 1059 Hierbij
450 971 506 1037 wil
532 970 575 1036 de
595 990 676 1057 paus
699 969 860 1036 nochtans
884 968 924 1036 de
949 969 1028 1035 orde
1053 969 1112 1036 der
1134 969 1293 1058 Begijnen

64 1079 137 1145 niet
151 1077 361 1164 goedlreuren
376 1093 418 1140 en
434 1072 479 1162 hij
497 1072 604 1159 gelant
627 1072 667 1139 de
692 1071 907 1157 bissohoppen
932 1072 1044 1139 overal
1062 1092 1143 1139 eene
1160 1078 1295 1159 strenge

61 1180 336 1248 wsahssamheid
352 1198 432 1246 over
454 1178 537 1244 hear
552 1175 600 1242 uit
618 1181 652 1242 te
669 1174 817 1243 oefenen.
835 1175 881 1241 De
907 1175 1179 1262 wederspannige
1193 1175 1297 1243 onder

63 1283 150 1350 haar
178 1287 308 1351 mosten
340 1288 406 1350 met
433 1281 474 1348 de
501 1278 693 1367 goestelijke
721 1299 863 1347 censunr
893 1280 1017 1346 zonder
1048 1279 1145 1367 eenig
1174 1279 1294 1367 heroep

64 1385 202 1453 worden
218 1384 361 1472 gastrait
384 1405 424 1452 en
451 1386 483 1451 in
507 1384 547 1451 de
570 1381 847 1471 onmogelijkheid
873 1382 1008 1450 worden
1031 1382 1160 1469 gesteld
1184 1404 1236 1449 om
1254 1381 1294 1450 de

63 1489 211 1577 gesonde
225 1490 370 1575 schapen
387 1494 421 1556 te
437 1486 634 1557 hesmetten.

95 1652 244 1709 iohannes
254 1667 331 1721 papa
340 1654 409 1721 nii.
421 1655 465 1707 Ad
476 1655 643 1721 perpetuam
654 1653 698 1707 rei
710 1652 886 1723 memoriam.

96 1737 189 1789 Racio
200 1740 280 1789 recta
290 1751 347 1789 non
358 1737 476 1802 patitur,
490 1740 522 1788 ut
533 1737 698 1789 innocentes
717 1737 753 1789 ad
770 1736 852 1801 paria
862 1749 927 1788 cnm
939 1734 1106 1789 nocentibus
1123 1731 1295 1787 iudicentur.

96 1818 173 1871 Sane
189 1819 282 1872 ielicis
297 1820 508 1872 recordacionis
521 1818 650 1872 Clemens
658 1832 733 1884 papa
742 1820 857 1883 quintus
869 1819 1055 1884 predecessor
1066 1819 1171 1878 noster,
1184 1828 1249 1867 cum
1261 1815 1296 1865 de

62 1900 243 1964 mulieribus,
249 1914 305 1966 que
313 1901 444 1969 Beghine
455 1902 615 1968 vulgariter
625 1904 654 1955 et
666 1903 843 1953 communius
854 1904 1061 1967 noncupentur,
1068 1900 1158 1953 multa
1167 1899 1221 1950 sibi
1233 1896 1298 1949 luis

59 1984 129 2035 sent
140 1985 276 2050 precipue
291 1984 327 2037 de
338 1985 470 2037 Atmanie
482 1987 610 2050 partibus
619 1984 763 2036 insinuata
774 1985 900 2047 sinistra,
913 1987 943 2036 et
951 1984 1103 2050 presertim
1114 1982 1189 2047 qnod
1201 1980 1296 2044 alique

62 2063 275 2115 earumdemde
284 2065 384 2116 sancta
400 2065 528 2116 trinitate
536 2067 566 2116 et
575 2065 672 2116 divina
683 2064 810 2119 essencia
826 2064 973 2128 disputare
990 2077 1023 2114 ac
1034 2063 1124 2114 eciem
1136 2060 1297 2127 predicare,

63 2147 145 2198 circa
155 2143 292 2196 articulos
303 2158 417 2209 quoque
427 2145 494 2197 fidei
511 2146 540 2197 61
557 2148 734 2197 sacramenta
751 2145 946 2196 ecclesiastica
962 2143 1110 2208 opiniones
1122 2144 1215 2195 eidem
1225 2142 1296 2196 fidei

62 2225 225 2280 contrarias
236 2226 418 2279 introducere
436 2228 466 2278 et
484 2227 638 2279 multorum
655 2226 828 2292 simplicium
841 2227 951 2278 animas
961 2228 992 2278 in
1005 2227 1132 2278 diversos
1143 2240 1230 2293 super
1240 2227 1295 2293 hijs

62 2325 181 2364 errores
201 2313 347 2376 inducere,
371 2313 516 2379 multaque
541 2314 598 2366 alia
618 2315 777 2366 animarum
802 2313 931 2378 pericula
952 2313 1099 2379 paciencia
1121 2315 1218 2365 iacere
1242 2315 1294 2364 sub

61 2396 189 2460 quodam
207 2396 365 2449 sanctitalis
382 2398 477 2449 fucato
495 2396 635 2449 velamine
653 2398 864 2462 presumebant,
884 2410 919 2448 ex
937 2396 992 2460 hijs
1004 2397 1033 2448 et
1049 2397 1113 2461 alijs
1129 2398 1296 2463 frequenter

59 2479 96 2530 de
119 2477 180 2530 illis
200 2479 306 2531 auditis
322 2493 371 2532 ees
392 2480 500 2532 habens
520 2495 576 2531 non
598 2480 716 2546 indigna
737 2481 851 2532 racione
872 2481 1026 2544 suspectas,
1045 2482 1149 2531 statum
1169 2480 1295 2545 ipsarum

58 2561 272 2629 prohibendum
284 2562 365 2614 duxit
378 2564 515 2628 perpetuo
528 2563 557 2614 et
568 2576 586 2614 a
598 2564 651 2614 Dei
664 2561 786 2614 ecclesia
797 2563 910 2627 penitus
921 2561 1100 2624 abolendum,
1113 2561 1226 2625 milles,
1239 2576 1294 2626 qne

59 2647 168 2696 statum
179 2643 342 2696 huiusmodi
354 2646 411 2697 iam
423 2648 601 2710 assumptum
613 2647 792 2697 sectarentur
803 2645 924 2697 ulterius
939 2647 988 2696 aut
1000 2659 1056 2708 qne
1071 2644 1153 2696 illum
1169 2645 1204 2696 de
1222 2658 1295 2695 novo

58 2727 251 2786 assumerent.
264 2728 569 2780 excommunicacionis
582 2729 759 2779 sentencium
770 2726 1001 2793 promulgando..

92 2808 212 2869 Verum,
226 2809 294 2872 quia
304 2808 334 2860 in
345 2808 443 2860 multis
455 2809 553 2860 mnndi
570 2809 699 2874 partibus
718 2812 784 2860 sunt
796 2809 922 2873 plurime
940 2808 1084 2871 mulieres,
1096 2824 1151 2873 que
1160 2808 1294 2866 similiter

58 2890 195 2958 Beghine
206 2890 293 2958 vulgo
309 2895 408 2944 vocate
424 2893 600 2959 segregatim
618 2906 732 2958 qnoque
750 2894 780 2943 11
798 2895 949 2958 parentum
967 2892 1101 2958 hospicijs
1118 2893 1163 2946 vel
1181 2895 1211 2945 in
1223 2895 1292 2954 suis,

58 2974 208 3026 interdum
224 2987 292 3026 vero
310 2975 341 3025 in
351 2975 415 3039 alljs
427 2977 477 3027 aut
492 2975 639 3027 conductis
650 2976 705 3026 sibi
724 2976 924 3026 communibus
942 2976 1072 3026 domibus
1085 2976 1200 3027 insimul
1212 2976 1291 3028 habi·

57 3059 157 3109 tantes
180 3056 269 3107 vitam
297 3057 404 3108 ducunt
431 3056 590 3119 honestam,
614 3057 749 3109 ecclesias
775 3058 877 3109 deuote
906 3059 1097 3122 frequentant,
1126 3059 1292 3124 dyocesanis

59 3143 193 3192 locorum
204 3140 234 3190 et
244 3138 445 3203 parochiarum
456 3139 643 3191 ecclesiarum
657 3139 816 3191 rectoribus
834 3141 999 3192 reverenter
1016 3141 1161 3201 obediunt,
1174 3141 1291 3192 curiosi·

58 3225 152 3276 tatem
162 3223 337 3289 predicandi,
350 3224 512 3290 disputandi
524 3224 568 3276 vel
582 3226 780 3276 anctoritatem
796 3237 846 3275 sen
867 3225 1057 3275 temeritatem
1076 3226 1175 3289 pocius
1198 3225 1290 3289 predi·

59 3306 147 3358 candi
158 3304 239 3357 nullo
250 3306 333 3359 modo
345 3308 401 3358 sibi
412 3309 551 3372 usurpant
561 3321 614 3359 nec
623 3321 653 3359 se
663 3320 715 3359 neo
727 3305 797 3358 alias
810 3320 860 3358 seu
873 3306 944 3357 alios
956 3304 1098 3370 quoslibet
1110 3307 1290 3371 opinionibus

59 3388 266 3455 premissisque
277 3390 422 3441 erroribus
434 3390 586 3442 inuoluunt
597 3404 650 3442 nec
662 3388 721 3441 ulla
732 3390 823 3441 eciam
840 3402 926 3453 snper
945 3386 1020 3455 [hoc]
1041 3389 1085 3439 est
1101 3391 1151 3440 aut
1167 3389 1222 3439 luit
1239 3402 1291 3440 nec

60 3474 106 3524 est
116 3473 186 3524 nota
197 3472 258 3524 siue
269 3473 393 3536 suspicio
410 3474 510 3524 contra
528 3486 590 3537 eas;
612 3486 664 3524 neo
684 3473 759 3537 ipsas
771 3470 925 3523 dissimiles
937 3470 1001 3535 alijs
1018 3470 1120 3522 similis
1138 3472 1214 3522 omni
1226 3471 1290 3537 alljs

59 3566 185 3606 censura
195 3554 380 3620 constringat,
393 3567 464 3607 neve
476 3554 573 3607 multis
590 3568 699 3616 earum,
720 3568 775 3619 que
795 3556 870 3606 10116
881 3548 1058 3618 perpetuam
1067 3554 1187 3605 Domino
1201 3557 1289 3608 00111-

59 3640 194 3689 nenciam
213 3636 393 3688 deuouerunt
403 3638 523 3697 occasio,
542 3638 695 3702 prebeatur
713 3637 748 3688 ad
765 3635 876 3701 lapsum
888 3637 917 3688 et
931 3639 964 3687 nt
982 3635 1142 3700 periculum
1161 3638 1290 3703 dampnis

58 3721 92 3772 et
101 3717 244 3771 scandalis
255 3717 396 3784 plurimis,
415 3732 470 3784 qne
486 3721 604 3785 perinde
622 3721 654 3770 ut
668 3721 804 3771 timeatur
821 3718 1016 3771 verisimiliter
1032 3721 1220 3784 sequerentur
1236 3733 1288 3786 per

58 3798 256 3864 precisionem
267 3802 444 3852 actomodam
454 3802 484 3868 (1)
496 3804 682 3864 occurratur3

94 3881 154 3935 Nos
165 3881 311 3949 Beghinas
327 3882 488 3936 huiusmodi
507 3898 563 3935 101
580 3883 746 3949 culpabiles,
758 3886 789 3935 111
804 3883 989 3950 premittitur,
1008 3896 1060 3935 nec
1077 3885 1221 3949 suspectas
1236 3888 1288 3937 sub

57 3965 259 4034 prohibicione
271 3968 300 4016 et
310 3966 470 4017 abolicione
481 3967 636 4031 premissis,
649 3967 763 4031 quiade
774 3967 1040 4032 ipsispredecessor
1052 3969 1179 4033 prelatus
1199 3967 1289 4020 nulla-

58 4053 144 4101 tenns
169 4048 293 4100 senense
316 4048 483 4108 dinoscitur,
508 4050 542 4100 de
570 4051 692 4101 fratrum
719 4050 880 4102 nostrornm
909 4049 1029 4101 oonsilio
1058 4049 1234 4102 declaramus
1260 4053 1290 4103 et

57 4130 192 4183 volumus
216 4143 265 4183 eas
290 4145 346 4183 non
372 4130 489 4195 includi,
506 4130 636 4183 locorum
658 4133 809 4198 ordinariis
827 4131 1028 4184 nichilominus
1043 4133 1235 4199 iniungentes‚
1256 4135 1288 4185 ut

57 4214 173 4267 eusub
191 4213 247 4265 hoc
262 4216 394 4279 pretextu
415 4213 576 4267 nullatenus
597 4214 744 4268 molestari
764 4216 946 4280 permittant3
959 4218 998 4278 et,
1016 4215 1041 4266 si
1059 4216 1128 4280 qnid
1144 4216 1240 4266 torsan
1253 4227 1288 4265 ex

57 4296 114 4348 hoc
136 4297 167 4348 in
189 4296 270 4347 bonis
291 4298 341 4348 aut
359 4298 471 4362 juribus
492 4297 551 4348 suis
573 4299 797 4363 quibuscumque
826 4300 925 4350 contra
951 4311 998 4350 eas
1025 4298 1222 4362 attemptatum
1245 4297 1289 4348 est

57 4379 207 4441 haetenus,
230 4380 275 4432 vel
295 4381 458 4447 attemptari
478 4381 633 4446 contigerit
652 4382 682 4432 in
702 4383 839 4443 luturnm,
858 4381 930 4433 illud
950 4395 1003 4447 per
1019 4381 1110 4432 dictos
1128 4380 1288 4432 ordinarios

55 4463 230 4515 auctoritate
247 4464 345 4514 nostra
363 4464 394 4516 in
413 4464 520 4516 statum
539 4464 691 4530 pristinum
706 4463 835 4517 volumus
852 4465 960 4526 reduci,
978 4464 1111 4523 inuocato
1131 4465 1168 4517 ad
1184 4463 1248 4530 hoc,
1260 4462 1285 4514 si

53 4559 127 4612 opus
138 4545 239 4610 tuerit,
252 4545 361 4606 auxilio
373 4545 481 4612 brachlj
494 4545 640 4606 secularis.
