3256 5324
203 487 253 540 &td
720 486 826 542 ANNO
844 486 909 540 1385

202 667 265 718 ren,
279 655 329 706 dat
345 654 378 719 slj
392 653 439 707 die
458 651 608 722 Beghinen
620 651 809 721 onghestuert
820 653 893 707 ende
904 651 1078 719 onghemoet
1088 652 1194 718 laeten,
1206 667 1262 709 nae
1273 654 1377 709 tenoir
1387 657 1440 709 der

203 737 321 790 litteren
333 735 398 799 bier
409 749 464 790 nae
473 735 634 804 volgbende
645 735 665 805 ε]

235 818 394 886 Adulphus,
414 819 469 873 Dei
485 820 580 886 gratia
603 819 770 872 Leodiensis
790 820 951 887 episcopus,
972 820 1079 872 decano
1102 819 1216 886 concilii
1234 820 1386 874 lewensis
1405 833 1441 871 ac

204 902 268 967 alijs
288 903 456 969 presbiteris
478 904 508 954 et
530 900 716 955 ecclesiarum
735 903 896 955 rectoribus
915 902 1077 955 incivitate
1099 904 1129 956 et
1148 903 1255 956 diocesi
1278 903 1439 957 leodiensi

203 986 366 1038 constitutis
375 987 412 1037 ad
420 999 492 1050 quos
500 987 648 1050 presentes
658 984 756 1038 littere
765 985 961 1051 peruenerint,
973 984 1094 1037 salutem
1103 986 1133 1037 in
1144 987 1221 1038 omni
1232 985 1367 1038 salutari.

236 1067 371 1120 Intimato
382 1067 558 1132 jamdudum
570 1067 685 1120 domino
699 1066 839 1121 Clementi
851 1067 930 1133 (1)....
945 1080 1092 1131 quousque
1104 1069 1140 1119 de
1152 1081 1252 1122 earum
1260 1071 1339 1120 statu
1351 1069 1437 1120 sedes

200 1149 360 1217 apostolica
370 1150 485 1203 duxerit
494 1149 580 1202 aliter
587 1151 785 1203 ordinandum.

235 1233 429 1299 Omnibusque
441 1235 471 1286 et
487 1234 608 1300 singulis
625 1234 785 1286 rectoribus
793 1247 843 1287 seu
855 1234 962 1286 curatis
982 1232 1177 1300 Beghinarum
1200 1249 1310 1289 necnon
1332 1248 1436 1289 earum

199 1317 358 1383 capellanis
374 1330 408 1369 ac
428 1315 492 1382 11111
503 1317 672 1382 presbiteris
684 1316 809 1370 ciuitatis
823 1318 853 1370 et
869 1317 991 1369 diocesis
1008 1318 1105 1370 nostre
1123 1318 1298 1382 Leodiensis,
1312 1320 1350 1371 ad
1362 1332 1436 1383 quos

200 1400 298 1454 littere
319 1399 427 1452 decreti
440 1400 530 1452 nostri
542 1400 571 1452 et
583 1397 789 1452 declaracionis
806 1399 969 1451 huiusmodi
980 1400 1176 1465 peruenirent,
1194 1400 1325 1453 districte
1337 1400 1436 1466 preci·

200 1483 306 1549 piendo
314 1482 513 1534 mandauimus
524 1482 664 1546 quatenus
674 1495 773 1534 omnes
782 1483 811 1535 et
820 1480 949 1549 singulos
960 1481 1161 1536 molestatores
1173 1497 1272 1536 earum
1284 1484 1316 1537 et
1333 1483 1435 1536 rebel-

199 1564 253 1627 les,
263 1566 289 1617 si
300 1565 349 1631 qui
361 1565 457 1617 lorent
476 1564 506 1616 in
523 1564 670 1632 premissis
690 1565 882 1629 cuiuscunque
903 1565 994 1616 status
1012 1564 1057 1618 vel
1076 1566 1251 1618 condicionis
1274 1567 1436 1621 existerent

200 1651 336 1716 quociens
349 1663 464 1703 necesse
476 1651 561 1712 toret,
574 1663 691 1702 monere
704 1649 852 1702 studerent
868 1650 1016 1712 canonice,
1030 1652 1062 1701 ut
1071 1650 1106 1702 ab
1118 1649 1282 1702 huiusmodi
1299 1649 1434 1702 molesta-

199 1734 282 1786 cione
308 1735 338 1786 et
358 1733 516 1786 rebellione
539 1733 711 1785 desisterent
727 1732 841 1796 penitus
867 1734 898 1785 et
920 1733 1076 1796 cessarent,
1098 1732 1225 1797 alioquin
1249 1733 1338 1797 ipsos,
1359 1745 1432 1796 quos

199 1816 337 1868 canonica
348 1815 508 1867 monicione
520 1814 659 1880 premissa
667 1814 838 1866 auctoritate
847 1814 976 1879 predicta
984 1814 1310 1875 excommunicabnmus,
1317 1826 1432 1866 excom·

200 1898 360 1951 municatos
372 1896 486 1964 publice
499 1898 679 1960 nunciarent,
691 1898 777 1963 prout
788 1897 819 1948 in
830 1896 936 1949 litteris
948 1897 1055 1949 nostris
1065 1910 1153 1962 super
1163 1895 1218 1948 hoc
1229 1896 1369 1949 coniectis
1378 1895 1432 1949 hec

199 1982 229 2033 et
240 1979 299 2032 alia
306 1979 418 2046 plenius
429 1980 619 2032 continentur.

233 2061 442 2116 Niohilominus
453 2064 559 2125 tamem
568 2064 655 2128 prout
665 2063 699 2115 de
709 2076 784 2114 nouo
796 2063 832 2114 ad
842 2063 970 2115 nostram
981 2061 1115 2128 peruenit
1123 2061 1268 2126 noticiam,
1276 2061 1429 2127 justiciarii

199 2143 303 2196 nobilis
330 2145 467 2211 principis
493 2144 601 2196 domini
624 2144 704 2196 ducis
729 2144 902 2197 Brabautiae
921 2158 974 2210 per
996 2158 1028 2197 se
1044 2144 1089 2197 vel
1109 2143 1181 2197 alios
1201 2145 1231 2195 in
1251 2142 1431 2195 villicacioue

198 2225 343 2279 Thenensi
365 2228 395 2278 et
415 2225 484 2278 alibi
507 2241 572 2279 cum
594 2227 654 2279 suis
671 2228 701 2279 in
721 2227 775 2279 hoc
793 2228 953 2281 fautoribus
974 2229 1005 2280 et
1021 2226 1208 2293 complicibus
1232 2227 1308 2279 dicte
1333 2227 1430 2279 nostre

198 2309 320 2362 diocesis
336 2311 437 2362 contre
453 2311 561 2362 statuta
572 2309 720 2376 synodalia
732 2310 903 2364 Leodiensia
911 2312 941 2363 et
958 2309 1112 2376 priuilegia
1128 2308 1291 2361 huiusmodi
1303 2308 1430 2361 mulieri·

200 2391 252 2444 bus
262 2406 396 2444 concessa
408 2394 438 2445 et
446 2392 592 2457 antiquam
602 2393 836 2446 consuetudinem
846 2394 997 2459 praetextu
1005 2390 1211 2458 prohibicionis
1219 2392 1249 2444 et
1260 2391 1430 2444 abolitionis

198 2472 362 2527 huiusmodi
373 2476 481 2528 temere
492 2476 638 2528 venientes
647 2476 725 2542 ipsas
736 2475 874 2529 mulieres
886 2477 917 2527 in
926 2475 1055 2541 predicta
1064 2475 1145 2526 curia
1156 2475 1286 2527 Lewensi
1298 2486 1429 2525 commo-

198 2559 296 2620 rantes
307 2557 394 2623 tellijs
406 2559 437 2611 et
452 2558 649 2611 exactionibus
659 2558 795 2610 indebitis
811 2560 842 2610 et
864 2557 1039 2610 inconsuetis
1056 2570 1179 2624 grauare
1191 2557 1317 2609 nitentes
1329 2569 1428 2609 earum

199 2639 274 2691 bona
285 2639 316 2691 in
327 2639 492 2705 locisquam
502 2640 632 2705 pluribus
643 2641 805 2703 inbannire,
824 2643 967 2694 arrestare
984 2641 1014 2693 et
1033 2653 1173 2705 occupare
1193 2640 1430 2705 presumpserunt

197 2723 229 2774 et
240 2724 408 2787 presumunt
425 2724 600 2776 sentenciam
611 2723 918 2776 excommunicacionis
929 2723 1087 2790 predictam
1099 2719 1321 2787 dampnabiliter
1337 2721 1430 2772 incur·

197 2805 298 2858 rendo.

232 2886 310 2948 Quae
321 2888 543 2941 vobisomnibus
554 2891 584 2942 et
595 2890 727 2957 singulis,
740 2889 790 2954 qui
807 2887 958 2955 superbos
975 2903 993 2942 a
1010 2888 1102 2942 latore
1118 2886 1299 2955 presencium
1316 2886 1430 2939 fueritis

198 2971 330 3034 requisiti
350 2972 401 3035 ita,
414 2973 490 3036 quod
508 2973 538 3024 in
554 2972 610 3038 hijs
634 2972 823 3038 exsequendis
840 2970 914 3024 alter
931 2971 1054 3024 alterum
1065 2972 1191 3024 vestrum
1203 2984 1259 3023 non
1271 2971 1429 3040 exspectet,

196 3053 367 3106 auctoritate
384 3054 513 3120 predicta
533 3055 717 3120 precipiendo
730 3055 896 3108 mandamus
916 3055 1066 3119 quatenus,
1086 3053 1230 3120 predictos
1252 3052 1430 3117 justiciarios

196 3148 355 3200 eorumque
370 3134 524 3202 complices
541 3138 570 3190 et
582 3139 710 3190 tautores
727 3139 813 3203 prout
824 3138 854 3189 et
873 3136 909 3189 de
929 3137 1031 3201 quibus
1043 3136 1079 3188 ab
1099 3135 1199 3188 eodem
1211 3134 1302 3187 laoiim
1314 3135 1429 3186 fueritis

196 3218 342 3283 requisiti,
354 3219 455 3271 eadem
466 3219 638 3272 auctoritate
649 3220 791 3273 moneatis
798 3220 913 3281 iterato,
926 3219 958 3271 ut
966 3219 1043 3271 intra
1054 3218 1208 3271 terminum
1217 3219 1283 3282 post
1290 3217 1428 3268 monicio-

196 3313 262 3353 nem
281 3299 443 3365 huiusmodi
466 3315 484 3353 a
502 3303 717 3369 grauaminibns
739 3302 874 3369 predictis
904 3303 1048 3354 cessantes
1070 3303 1100 3352 et
1123 3301 1237 3353 omnino
1256 3299 1429 3351 desistentes

198 3384 273 3435 bona
289 3397 389 3436 earum
400 3383 549 3436 inbannita
565 3398 616 3437 seu
634 3387 775 3438 arrestata
785 3383 829 3437 vel
842 3386 989 3450 occupata,
1009 3385 1094 3449 prout
1110 3383 1241 3449 superius
1253 3382 1297 3433 est
1308 3393 1430 3446 expres·

195 3479 269 3530 sum,
288 3464 478 3530 disbauniant,
491 3466 669 3520 dearrestent
681 3468 712 3520 et
723 3467 868 3519 dimittant
876 3480 981 3531 easque
993 3467 1052 3518 suis
1064 3465 1156 3528 bonis,
1168 3464 1289 3530 juribus,
1302 3462 1430 3530 priuile-

196 3549 252 3615 gle
274 3550 305 3602 11
325 3550 586 3614 consuetudinibus,
608 3553 694 3617 prout
705 3552 772 3603 ante
783 3550 1011 3617 prohibicionem
1029 3550 1060 3602 et
1078 3548 1267 3601 abolicionem
1283 3545 1430 3611 predictas

196 3632 370 3698 gaudebant,
382 3633 509 3699 gaudere
521 3633 705 3700 permittatur
716 3634 833 3699 pacifice
841 3634 872 3687 et
883 3633 988 3697 quiete.

230 3711 365 3778 Alioquin
376 3713 533 3780 culpabiles
544 3716 574 3767 in
584 3715 732 3782 premissis
745 3717 774 3768 et
785 3715 947 3767 monicione
959 3713 1120 3766 huiusmodi
1138 3726 1194 3764 non
1205 3712 1345 3778 ponentes
1362 3725 1429 3763 cum

197 3795 301 3847 etiectu
327 3795 456 3862 predicta
482 3798 787 3850 excommunicacionis
809 3796 955 3850 sentencia
979 3809 1031 3862 per
1048 3810 1108 3857 nos,
1130 3797 1162 3846 ut
1177 3793 1346 3860 predicitur,
1368 3792 1428 3844 lata

198 3876 311 3942 publice
323 3878 501 3930 denuncietis
510 3879 670 3933 innodatos.
682 3879 755 3940 Quid
768 3880 863 3932 autem
872 3879 908 3931 de
919 3878 1056 3945 predictis
1067 3877 1204 3940 feceritis,
1221 3878 1381 3942 inuenietis
1397 3879 1429 3929 11

197 3960 305 4013 iactum
325 3962 423 4024 merit,
452 3974 509 4013 una
537 3975 601 4013 cum
629 3962 796 4024 nominibus,
808 3961 981 4013 monitorum
1010 3960 1091 4012 nobis
1111 3959 1244 4025 patenter
1265 3961 1296 4011 et
1319 3958 1428 4023 liquide

197 4044 371 4096 rescribatis.

229 4126 336 4177 Datum
354 4139 429 4178 anno
440 4127 598 4180 maduistis
614 4127 731 4178 Domini
751 4125 904 4179 millesimo
925 4125 1126 4179 trecentesimo
1145 4124 1297 4178 trecesimo
1315 4125 1426 4190 quinto,

88 4206 90 4211 ’
199 4209 307 4261 mensis
317 4207 447 4275 Janunrlj
461 4210 507 4264 die
518 4210 618 4276 quinta
629 4209 749 4274 decima,
762 4209 837 4276 apud
849 4209 996 4263 Ieodium.

229 4459 265 4526 (l)
282 4460 330 4512 zie
342 4459 452 4527 hooger
463 4461 499 4512 de
515 4462 587 4513 twee
598 4463 692 4512 eerste
710 4461 885 4526 paragraien
903 4459 1029 4512 alsmede
1048 4471 1102 4511 een
1122 4455 1186 4510 deel
1205 4469 1260 4510 van
1284 4457 1321 4510 de
1339 4456 1425 4509 derde

195 4545 350 4610 paragraai
360 4557 414 4595 van
423 4541 665 4596 bethavelvanat
677 4541 739 4596 0ct.
751 4541 826 4605 1324,
839 4556 891 4594 ons
899 4542 967 4594 stuk
979 4552 1009 4593 ur
1017 4542 1059 4607 53,
1070 4540 1124 4592 bis.
1136 4540 1178 4592 86.
