3188 5340
547 498 651 553 ANNO
668 498 808 550 litanti
1109 506 1113 513 ”
1256 500 1290 556 29

51 663 110 727 dis,
127 664 323 718 esurientibus
334 667 365 718 et
372 666 536 720 dheuhbus
548 666 722 728 recreandis,
736 666 820 718 nudis
828 666 991 730 vestiendis,
997 667 1090 720 viduis
1098 667 1286 734 consolandis,

54 746 177 813 pupillis
187 747 378 808 defensandis,
396 761 433 800 an
443 748 596 800 itineribus
607 747 643 799 ad
656 760 738 800 sacra
753 746 817 800 loca
833 746 964 813 prolixis.
981 748 1040 806 Que
1056 751 1152 801 autern
1169 764 1288 815 usquam

55 833 203 883 tenuium
214 831 259 883 est
271 831 352 897 regio
363 831 414 883 aut
423 830 579 896 provincis,
591 831 622 882 in
631 844 688 895 qua
698 829 871 897 multiplices
883 831 1019 884 etruriae
1032 833 1215 886 necessitates
1230 847 1287 886 non

56 913 259 966 invenianturt
277 911 412 966 Homines
423 913 564 978 patientes
576 914 651 978 quod
663 914 687 964 si
704 913 837 965 sacerdos
853 914 889 965 ad
901 928 984 965 suum
1001 915 1183 978 sacrificium,
1200 915 1288 970 levita

57 998 96 1049 ad
106 998 135 1049 ei
151 997 372 1050 ministrandum
390 997 519 1050 videntes
536 997 747 1062 pertranseunt,
758 1008 812 1061 ego
824 997 902 1048 certe
916 997 1120 1049 samaritanum
1131 997 1288 1063 quemlibet

56 1093 216 1146 pauperem
231 1082 262 1133 et
277 1080 420 1132 modicum
437 1094 489 1146 pro
501 1080 611 1131 viribus
631 1077 737 1130 talibus
761 1079 977 1131 subvenientem
995 1078 1122 1143 utrisque
1133 1082 1247 1144 prerero
1259 1085 1289 1134 et

56 1163 155 1226 judico
167 1163 378 1228 preterendum,
397 1178 454 1216 non
474 1162 591 1215 illorum
614 1163 780 1227 reprobans,
795 1161 844 1214 sed
863 1162 1023 1226 approbans
1040 1163 1288 1228 sacrificationem,

52 1245 146 1298 immo
157 1245 241 1297 istius
251 1245 447 1298 misericordie
460 1246 595 1298 allectum
607 1244 777 1297 adsalutem
791 1245 934 1296 arbitrans
953 1245 1189 1298 effectuosiorem.

90 1329 137 1382 Ad
145 1326 218 1380 illud
231 1341 299 1380 reru
316 1329 393 1393 quod
401 1329 565 1393 subjiciunt,
575 1328 650 1393 quod
661 1327 795 1380 videlicet
804 1327 918 1380 cuidam
927 1341 1045 1380 crucem
1058 1328 1087 1380 in
1098 1328 1219 1382 clamide
1228 1345 1292 1396 por·

57 1411 132 1462 tanti
142 1410 277 1474 dixerim,
288 1411 380 1476 idest,
391 1412 467 1476 quod
477 1412 585 1463 trustra
595 1409 795 1463 iherosolimis
808 1411 900 1462 Deum
912 1412 1055 1474 quereret,
1068 1414 1203 1477 quoniam
1215 1413 1289 1479 heri,

58 1492 89 1542 id
108 1493 153 1544 est
175 1493 205 1544 in
220 1493 267 1545 die
290 1493 409 1555 Pascbe,
427 1493 604 1553 comedisset,
626 1493 694 1558 quia
710 1492 830 1558 puerilis
848 1499 876 1545 et
894 1492 1001 1545 nullius
1018 1495 1154 1547 momenti
1176 1496 1290 1549 videtur

57 1574 192 1641 objectio,
215 1576 388 1641 respondere
409 1577 615 1642 perscriptum
632 1576 781 1641 indignum
799 1587 911 1637 censeo,
929 1577 998 1640 quia
1015 1576 1137 1643 simplici
1155 1592 1288 1632 sermone

59 1657 128 1722 quid
143 1659 233 1710 luerit
251 1660 325 1710 scire
333 1657 494 1711 volentibus
505 1672 556 1711 suo
566 1653 630 1710 locb
643 1661 671 1710 et
680 1660 808 1724 tempore
819 1660 920 1724 potero
933 1658 1091 1712 absolvere.

89 1739 146 1791 Sed
164 1739 200 1791 ad
212 1738 284 1791 illud
296 1739 369 1804 quod
385 1739 614 1804 calumpnientur
631 1753 677 1791 me
690 1740 820 1792 docuisse
841 1740 876 1791 ab
888 1740 1024 1805 operibus
1035 1740 1158 1794 humane
1170 1743 1227 1795 rite
1240 1757 1288 1796 ue·

59 1822 191 1874 oessamis
202 1821 360 1874 Dominicis
372 1822 472 1874 diebrm
480 1836 537 1873 non
552 1835 615 1875 esse
628 1823 827 1874 abstinendum
837 1823 867 1874 et
878 1823 953 1887 quod
967 1824 1103 1888 quosdam
1116 1825 1152 1876 ad
1167 1824 1289 1891 agricul-

59 1906 153 1957 turam
169 1903 321 1970 sollempni
337 1905 383 1957 die
395 1906 425 1957 in
442 1906 504 1956 orto
522 1918 585 1957 meo
602 1905 755 1970 coegerim,
769 1906 871 1956 testem
888 1905 988 1957 invoco
1002 1906 1094 1958 Deum
1117 1908 1147 1960 in
1165 1909 1288 1961 animam

59 1998 162 2051 meam,
178 1989 248 2052 quia
266 2000 358 2052 neque
369 1987 410 2038 sic
427 1988 483 2040 ieci
498 2000 590 2052 neque
610 1987 651 2039 sic
671 1987 774 2052 docui;
793 1986 842 2039 sed
853 1987 929 2039 unde
942 1989 1120 2041 occasionem
1131 1990 1288 2057 derogandi

60 2070 230 2133 repererint,
248 2070 413 2134 paternitati
431 2071 556 2122 arbitror
574 2084 630 2121 non
653 2069 890 2122 abscondendum.
915 2070 979 2137 Ego
995 2073 1026 2123 in
1043 2073 1208 2139 insipientia
1223 2075 1287 2127 dico

60 2163 157 2202 omnes
165 2164 213 2203 me
224 2152 367 2218 siverim,
379 2153 439 2206 sive
452 2152 586 2217 alloquio,
605 2154 665 2205 sive
682 2153 779 2204 auditu
791 2154 943 2218 tangentes
962 2153 1055 2206 salvos
1067 2157 1162 2207 lacere
1174 2159 1287 2210 conten·

59 2231 167 2296 debam,
181 2233 255 2285 unde
267 2236 297 2286 et
307 2235 436 2288 moderni
453 2236 590 2300 temporis
601 2235 675 2286 vicia
693 2236 728 2286 ab
744 2236 786 2287 eis
798 2247 901 2288 eruere
912 2238 942 2288 et
955 2236 1092 2289 virtutum
1103 2237 1214 2303 plantas
1226 2253 1287 2291 cor·

60 2314 138 2367 dibus
149 2328 252 2368 eomm
264 2317 392 2370 inserere
403 2318 577 2384 satagebam.
585 2317 772 2369 considerans
781 2330 851 2383 ergo
862 2319 976 2370 beatum
989 2318 1159 2385 Gregorium
1171 2321 1287 2386 dixisse,

60 2397 289 2460 quochminico
295 2399 381 2452 dieab
391 2413 478 2465 opere
484 2399 608 2451 humano
616 2399 783 2451 cessandum
790 2402 865 2452 esset
877 2401 906 2451 et
912 2401 1083 2454 omnimodis
1092 2402 1184 2455 labori
1190 2404 1287 2455 ditino

61 2479 256 2544 insistendum,
267 2485 300 2534 ut
311 2482 445 2547 quicquid
455 2481 631 2548 negligentie
640 2481 704 2533 aliis
713 2482 812 2534 diebus
822 2482 967 2546 acciderit,
978 2482 1028 2534 illo
1037 2484 1084 2537 die
1091 2490 1283 2552 repararetur,

61 2562 115 2614 ridi
123 2563 268 2616 infinitam
277 2563 488 2616 multitudinem
497 2565 644 2628 utriusque
651 2578 735 2616 serus
747 2565 925 2616 Dominicam
934 2565 1010 2617 diem
1020 2580 1076 2618 non
1085 2568 1286 2620 restaurationi

62 2643 311 2712 negligentiarum,
324 2646 374 2698 sed
386 2645 617 2712 multiplicationi
629 2647 744 2712 gravius
756 2647 901 2712 peccando
913 2647 1051 2712 deputare
1063 2665 1069 2712 ;
1083 2646 1286 2713 sollempnibus

61 2727 165 2780 etenim
181 2727 283 2779 diebus
299 2742 318 2781 a
333 2727 431 2781 labore
449 2743 584 2781 manuum
601 2732 711 2781 tantum
736 2730 921 2793 abstinentes,
940 2730 975 2781 ad
993 2730 1103 2792 mimos,
1117 2730 1285 2791 saltatrices,

61 2805 212 2862 thurones
221 2810 414 2874 intendebant,
428 2812 614 2864 ebrietatibus
627 2812 656 2863 et
667 2811 738 2864 aleis
746 2812 894 2873 vacabant,
907 2811 1019 2864 choreis
1030 2812 1183 2864 mulierum
1191 2810 1298 2864 illece-¹

61 2890 148 2944 brosis
165 2895 217 2945 aut
233 2893 369 2946 ducendis
385 2895 434 2945 aut
451 2893 611 2959 spectandis
628 2894 805 2954 insistebant,
825 2894 953 2945 obscenis
970 2894 1099 2946 cantibus
1113 2896 1142 2945 et
1159 2895 1287 2960 gestibus

61 2973 209 3039 impudicis
227 2989 280 3040 pro
299 2976 410 3027 toribus
429 2976 614 3028 ecclesiarum
638 2978 667 3028 et
688 2988 775 3040 super
794 2975 918 3027 tumulos
938 2977 1087 3041 parentum
1109 2977 1138 3028 et
1159 2976 1286 3027 affinium

60 3068 183 3110 monum.
196 3055 321 3110 Phineos
338 3057 399 3109 tilio
416 3057 553 3119 Eleazari,
574 3057 652 3110 nullo
671 3058 892 3120 contradicente,
906 3072 963 3109 non
981 3057 1125 3121 ludebant,
1145 3059 1195 3110 sed
1212 3057 1287 3110 insa-

61 3138 190 3204 niebaut3
199 3140 250 3191 sed
258 3141 288 3191 et
297 3139 389 3192 adhuc
398 3141 594 3206 muimapsrs
601 3153 709 3200 eorum,
718 3141 853 3204 pauciore
860 3138 932 3191 mihi
941 3143 1058 3205 propter
1069 3139 1286 3192 reluctationem

60 3219 168 3284 pullum
179 3221 252 3274 solvi
267 3222 481 3291 prohibentium
498 3223 705 3287 acquiescente,
723 3235 779 3274 uon
796 3223 980 3285 sabbatizant,
992 3223 1042 3274 sed
1059 3222 1190 3275 delirant.
1204 3222 1286 3284 Quod

59 3315 111 3370 ego
128 3304 314 3356 considerans
329 3307 359 3356 et
376 3303 475 3357 dolens
492 3306 597 3368 quanto
614 3307 744 3369 poteram
761 3305 942 3356 affectuosius
954 3307 1167 3357 commonebam
1178 3318 1237 3368 eos,
1250 3318 1286 3364 ne

59 3384 180 3438 cilicem
188 3384 350 3438 excolentes
359 3385 499 3438 camelum
510 3385 658 3452 glutirent,
672 3386 763 3448 idest,
776 3400 812 3439 ne
822 3388 857 3437 ab
870 3387 1004 3452 operibus
1013 3389 1181 3442 necessariis
1191 3389 1286 3440 Domi·

58 3469 121 3520 nico
141 3468 190 3520 die
206 3468 380 3520 abstinentes
400 3470 430 3519 et
442 3468 611 3532 supradictis
628 3469 816 3520 inservientes
833 3469 993 3521 derisibilia
1012 3472 1141 3522 iacerent
1157 3470 1286 3523 hostibus

58 3551 177 3602 sabbata
188 3563 256 3615 sira3
269 3552 475 3614 manifesteque
487 3551 660 3616 protestatus
672 3564 735 3601 sum
753 3550 958 3616 agriculturam
979 3553 1008 3604 et
1019 3555 1116 3604 cetera
1124 3552 1286 3618 hujusmodi

57 3632 210 3699 sollempni
219 3633 266 3685 die
277 3634 389 3698 operari
400 3633 470 3683 inse
479 3645 536 3683 non
547 3644 609 3683 esse
618 3634 774 3696 peccatum,
787 3635 981 3685 verumtamen
991 3633 1045 3684 hoc
1056 3637 1174 3700 propter
1184 3633 1286 3688 melius

57 3713 109 3768 illa
124 3715 173 3768 die
188 3715 452 3780 intermittendum
475 3714 601 3779 alioquin
620 3715 733 3779 operari
755 3715 892 3768 desistere
910 3718 939 3767 et
961 3716 1131 3782 supradictis
1154 3717 1286 3770 insistere

56 3798 259 3865 perniciosum.
631 3805 632 3809 ’

89 3880 173 3941 Quod
189 3882 286 3933 autem
300 3893 347 3932 me
363 3879 461 3930 dicunt
477 3879 525 3931 die
542 3878 692 3944 sollempni
710 3879 845 3942 quosdam
858 3879 894 3930 ad
912 3880 1065 3933 colendum
1080 3884 1175 3934 ortum
1191 3897 1286 3936 meum

56 3964 198 4031 coegisse,
215 3976 272 4014 non
289 3964 332 4016 est
348 3975 458 4024 verum,
480 3962 682 4013 Verumtamen
705 3965 734 4013 et
757 3961 811 4012 hoc
834 3963 1006 4015 criminandi
1030 3964 1106 4016 unde
1130 3967 1206 4018 nacti
1229 3967 1286 4018 sint

56 4047 248 4107 occasionem,
256 4059 314 4097 nori
330 4045 439 4097 tacebo.
458 4043 585 4111 contigit
596 4057 642 4095 me
658 4043 728 4094 mihi
746 4045 922 4097 mansionem
941 4059 1022 4098 secus
1044 4046 1193 4100 ecclesiam
1214 4049 1285 4101 mihi

56 4129 240 4182 commissam
265 4129 414 4191 edeficare,
445 4128 528 4192 cujus
554 4127 713 4192 parietibus
733 4127 847 4189 erectis,
871 4128 939 4191 quia
962 4128 1055 4181 solum
1072 4129 1207 4182 humilius
1228 4145 1285 4183 non

56 4211 259 4278 respondebat,
275 4212 355 4275 cuius
366 4211 457 4262 sancti
467 4208 819 4275 solempnitatiincertum,
839 4211 974 4274 quosdam
989 4225 1007 4262 a
1024 4213 1145 4278 strepitu
1163 4213 1286 4266 seculari

56 4292 252 4347 amicabiliter
267 4293 434 4346 abstrahens
455 4293 492 4345 ad
508 4293 741 4358 comportandum
758 4295 864 4344 terram
888 4294 918 4344 in
940 4307 1013 4357 earn,
1038 4297 1071 4346 ut
1094 4296 1286 4360 pavimentum

56 4377 203 4430 elevatum
220 4377 333 4428 edificio
355 4378 536 4442 congrueret,
557 4375 684 4437 invitavi,
704 4374 833 4426 hortatus
854 4390 926 4439 sum,
948 4379 977 4429 et
997 4377 1051 4442 ipsi
1073 4379 1285 4442 acquieverunt.

56 4459 142 4522 Quod
149 4459 200 4512 isti
211 4460 321 4525 majora
332 4473 388 4511 non
397 4459 583 4522 invenientes,
601 4457 669 4522 quia
689 4457 786 4510 bubali
806 4457 889 4511 multi
909 4459 1030 4511 formica
1048 4474 1106 4514 una
1124 4462 1229 4528 onusti,
1250 4462 1285 4517 de

56 4547 140 4599 hans
149 4543 240 4612 elpes
256 4544 317 4597 risu
328 4544 447 4612 dignum
458 4543 494 4596 ad
505 4541 692 4608 apostolicam
705 4543 884 4596 audienciam
895 4545 1077 4598 advexerunt.
