3188 5340
187 534 238 586 m
586 534 937 612 ‘mmmm

186 701 248 770 den
260 701 451 788 magistraret
463 719 526 768 van
540 702 682 769 Doornik
695 721 747 768 om
764 702 839 768 hem
852 701 951 788 geluk
975 705 1009 769 te
1028 702 1207 770 wenschen
1221 722 1301 770 over
1323 703 1390 790 zijm

186 804 476 891 krachtdadigheid
490 805 523 870 in
541 804 599 871 het
615 804 870 872 onderdroklren
883 803 941 872 der
952 803 1085 893 ketterij
1103 825 1144 872 en
1170 826 1223 873 om
1239 804 1392 893 zijnetus·

186 909 396 976 schenkomst
410 908 488 975 inte
502 928 623 994 roepen
642 911 693 975 tot
704 907 934 994 beschorming
945 907 1004 974 der
1019 908 1269 996 goestelijkheid
1283 910 1316 976 iu
1328 908 1393 976 cale

185 1033 249 1080 van
276 1012 409 1079 tieudeu
432 1031 474 1076 eu
500 1011 703 1098 diergelijke.
720 1013 850 1078 —Van
878 1010 940 1078 den
972 1010 1122 1099 bisschop
1146 1011 1238 1079 heeft
1263 1011 1304 1079 de
1328 1032 1393 1099 paus

185 1115 329 1204 gehoord
344 1116 406 1181 hoo
417 1114 457 1180 de
469 1114 691 1181 Iloorniksche
709 1114 901 1200 magistruat
918 1114 1038 1181 aonder
1060 1115 1197 1182 aanzien
1220 1114 1282 1183 der
1298 1135 1393 1202 perso·

185 1239 249 1286 nen
266 1227 364 1305 tegeu
388 1217 427 1284 de
449 1216 575 1285 letters
595 1217 685 1284 heeft
698 1217 879 1303 geieverd3
906 1217 951 1306 hij
978 1222 1088 1304 spoort
1104 1218 1179 1286 hem
1196 1238 1273 1299 aan,
1299 1220 1330 1285 in
1354 1218 1393 1285 dle

184 1321 335 1410 loffelijke
358 1320 573 1408 handelwiJze
589 1327 623 1389 te
646 1321 840 1389 rolharden.
866 1319 936 1388 Ook
952 1321 1107 1388 verzoekt
1123 1321 1169 1410 hij
1188 1320 1265 1389 hem
1284 1321 1391 1392 nietto

183 1425 314 1504 dulden,
333 1425 389 1491 dat
403 1424 518 1510 eenige
541 1422 764 1491 Doorniksche
780 1424 995 1511 ingeretenen
1011 1424 1051 1490 de
1067 1423 1200 1494 handen
1218 1445 1261 1492 en
1285 1423 1388 1493 andere

182 1528 375 1617 geestelijlie
388 1528 524 1595 rechten
539 1526 709 1596 inkorten.

214 1668 353 1720 Martinus
362 1668 519 1732 episcopus,
538 1679 634 1718 servus
651 1679 798 1718 servorum
808 1666 873 1730 Dei,
890 1666 1002 1719 dilectis
1015 1665 1082 1718 liliis
1094 1667 1249 1733 prepositis
1261 1667 1292 1720 et
1300 1667 1384 1733 juratis

181 1751 340 1814 ceterisque
356 1749 514 1802 rectoribus
532 1748 654 1800 civitatis
677 1749 877 1813 Tornacensis,
902 1748 1021 1802 salutem
1039 1751 1069 1803 et
1079 1749 1267 1815 apostoIIcam
1278 1750 1384 1803 benedic·

184 1835 303 1885 tionem.

215 1915 327 1967 Dudum
338 1912 531 1965 intelleximus
547 1925 600 1978 per
616 1911 727 1964 litteras
745 1913 917 1968 venerabilis
934 1914 1032 1965 fratris
1050 1913 1176 1978 episcopi
1196 1917 1226 1967 et
1237 1915 1383 1967 dilectorum

182 1997 307 2048 filiorum
318 1996 418 2048 decani
430 1998 459 2048 et
470 1994 587 2060 capituli
609 1994 729 2047 ecclesie
742 1996 931 2048 Tornacensis
954 1995 1078 2060 qualiter
1100 2010 1150 2046 vos
1171 2010 1286 2063 semper
1303 1997 1381 2050 intenti

182 2080 276 2130 fuistis
285 2081 314 2129 et
324 2079 466 2129 ferventes
476 2078 511 2128 ad
520 2077 711 2128 exhibendum
721 2079 848 2128 favorem
857 2091 941 2129 cause
952 2078 1027 2139 fidei,
1037 2079 1066 2130 et
1074 2076 1217 2130 hereticos
1227 2083 1256 2131 et
1265 2081 1299 2132 de
1309 2079 1380 2131 heresi

183 2164 327 2227 suspectos
339 2163 368 2213 et
379 2161 530 2214 infamatos
542 2161 604 2211 sine
616 2160 781 2223 acceptione
793 2173 979 2224 personarum
1001 2162 1031 2212 et
1053 2161 1290 2227 tergiversatione
1309 2162 1381 2224 aliqua

183 2242 388 2294 conculcandos
406 2257 455 2293 eos
466 2242 501 2293 ad
514 2244 678 2295 mandatum
689 2246 719 2295 et
728 2245 943 2309 requisitionem
963 2244 1155 2296 ecclesiastice
1179 2248 1323 2310 potestatis
1336 2258 1379 2310 per

183 2325 330 2389 quirendo,
343 2327 372 2377 et
389 2326 475 2376 etlam
493 2326 642 2390 capiendo,
652 2329 681 2378 et
693 2328 729 2378 ad
741 2328 836 2379 debita
848 2327 988 2392 supplicia
999 2327 1193 2392 perducendo.

214 2409 257 2461 Ex
265 2423 321 2474 quo
329 2409 508 2460 devotionem
516 2410 641 2461 vestram
652 2408 806 2474 plurimum
819 2411 848 2460 in
862 2411 982 2461 Domino
996 2412 1236 2474 commendamus,
1251 2413 1377 2463 affectuose

183 2491 330 2543 hortantes
350 2492 480 2553 eandem,
498 2493 530 2541 ut
550 2492 737 2556 perseveretis
755 2492 784 2542 in
805 2490 858 2544 hec
875 2493 1033 2545 intentione
1052 2493 1220 2558 justissima,
1237 2494 1272 2545 de
1288 2491 1377 2544 bonoin

183 2574 284 2626 melius
294 2574 484 2638 procedendo,
497 2574 527 2624 et
539 2587 653 2624 causam
663 2573 729 2625 fidei
738 2575 814 2624 omni
827 2575 922 2626 studio
934 2577 963 2627 et
983 2589 1080 2626 amore
1090 2575 1204 2639 juvetis,
1217 2577 1247 2628 et
1257 2575 1377 2627 ecclesiam

183 2659 213 2709 et
224 2670 358 2721 personas
368 2655 573 2707 ecclesiasticas
585 2656 745 2720 suscipiatis
754 2670 867 2722 semper
879 2658 908 2708 in
918 2657 1019 2709 vestris
1036 2658 1168 2710 cordibus
1182 2658 1310 2723 propitiis
1324 2658 1377 2709 faro

184 2740 263 2791 ribus
275 2739 494 2789 commendatas.

163 2880 166 2886 ,
216 2821 254 2873 Et
262 2822 329 2886 quia
337 2821 483 2883 sentimus,
493 2822 568 2884 quod
580 2820 708 2872 nonnulli
726 2821 820 2873 coloni
832 2824 862 2874 et
878 2822 928 2874 alii
945 2823 1020 2875 dicte
1038 2823 1161 2874 civitatis
1181 2822 1344 2875 habitatores
1357 2818 1377 2868 ef

183 2903 275 2955 incole
285 2903 320 2954 de
332 2904 406 2954 lacto
418 2902 552 2965 decimas,
562 2903 674 2969 foragia
685 2904 714 2954 et
723 2901 781 2954 alia
796 2903 862 2968 jura
873 2904 1061 2957 Tornacsnsis
1073 2903 1213 2956 ecclesiae
1224 2901 1376 2959 sussum

183 2986 340 3050 impediunt
349 2990 377 3036 et
386 2985 524 3046 detinent,
530 2983 677 3036 hortamur
686 2999 735 3035 vos
743 2987 773 3036 et
781 2987 880 3038 stricte
891 2988 1073 3052 requirimus,
1086 2989 1228 3044 utcontra
1238 2980 1374 3052 hujusmodi

184 3069 346 3119 detentores
369 3070 397 3118 et
417 3070 600 3131 occupatores
619 3067 779 3131 procedatis
802 3070 933 3132 viriliter,
957 3072 987 3122 et
1008 3071 1137 3136 personis
1157 3071 1254 3123 debite
1275 3071 1303 3122 et
1323 3067 1376 3134 juste
1419 3116 1421 3123 .

181 3151 343 3215 petentibus
355 3152 478 3201 vestrum
487 3150 645 3201 exhibeatis
656 3152 783 3202 favorem
796 3153 824 3203 ct
834 3152 982 3204 brachium
994 3154 1134 3205 seculare.
1419 3196 1421 3225 ,

152 3248 155 3253 ·
216 3231 320 3282 Datum
340 3231 458 3293 Romae,
478 3232 552 3295 apud
571 3233 683 3282 sanctos
707 3232 859 3296 apostolos,
881 3233 991 3286 XVIIII
1011 3234 1050 3286 kl.
1076 3234 1218 3300 Ianuarii,
1247 3231 1377 3301 pendeatis
1419 3243 1421 3287 Ι

185 3314 276 3366 nostri
288 3327 362 3366 anno
372 3315 481 3366 octavo.
1419 3296 1421 3325 ¹

1089 3383 1136 3436 Ji.
1154 3398 1192 3437 nn
1208 3387 1332 3438 nmmo.
1418 3371 1421 3469 f

447 3496 639 3550 Stadsarchicf
649 3511 702 3548 van
715 3499 852 3560 Doornik,
863 3498 1018 3562 Chartrier,
1028 3499 1146 3565 Layette
1155 3500 1192 3552 de
1202 3500 1279 3565 14253
1290 3491 1377 3551 onded

479 3579 550 3628 door
571 3578 608 3629 II.
625 3578 857 3644 Vandenbroeclr‚
875 3579 1009 3643 Eoetraim
1030 3594 1102 3644 ena,
1125 3582 1161 3650 ¹in
1190 3582 1226 3636 de
1248 3579 1377 3636 lim

480 3660 541 3711 deu
552 3660 629 3722 v111,
645 3660 696 3712 uz.
721 3661 777 3724 me,
799 3664 867 3714 noos
888 3662 911 3714 1.
932 3690 965 3701 -
985 3662 1120 3716 nereum
1139 3655 1377 3718 worutvemisttt

480 3743 517 3794 H.
527 3742 588 3796 Van
606 3745 721 3808 IIouttc‚
743 3747 848 3799 lettres
864 3745 899 3800 de
922 3748 1029 3801 Martis
1056 3747 1081 3800 V
1098 3753 1268 3801 sonemus
1284 3740 1378 3798 Im

482 3823 585 3879 curare
595 3825 669 3879 dans
680 3825 719 3879 les
727 3826 884 3895 Pitye-Bas.

577 4041 652 4109 ies
678 4034 1013 4134 (isles-ereb).

236 4235 326 4312 1429,
354 4230 537 4301 December
561 4234 603 4295 15
622 4253 664 4302 en
682 4236 735 4311 20,
763 4235 928 4303 Doornik.
947 4233 1249 4322 Beraadslagingen
1264 4227 1374 4302 rander

188 4340 381 4426 magistraat
413 4357 491 4404 over
514 4336 554 4406 de
582 4338 902 4425 onderhandelingen
930 4342 996 4405 met
1023 4338 1086 4404 den
1110 4337 1303 4423 Inquisiteur
1321 4348 1373 4401 aad·

185 4443 314 4530 gaande
330 4442 393 4509 den
404 4441 514 4509 ketter
529 4444 737 4528 lacquemart
749 4443 789 4509 de
802 4441 981 4508 Bleharies.
996 4476 1040 4491 -
1051 4440 1112 4508 Als
1123 4439 1294 4510 antwoord
1308 4428 1371 4523 oph

186 4570 354 4637 aanrresg
369 4570 433 4618 rau
444 4549 513 4618 den.
523 4550 720 4636 inquisiteur
734 4549 844 4620 werdt
856 4548 1001 4619 besloten
1014 4548 1074 4617 der
1085 4546 1179 4617 Kerls
1190 4550 1224 4617 in
1235 4534 1367 4616 domuit
