3188 5340
185 462 236 517 246
706 464 810 519 ANNO
828 462 893 516 1422

187 629 341 685 collatione
350 632 493 700 diligenti,
503 630 665 684 huiusmodi
674 631 884 698 transumptum
896 633 958 686 siue
970 632 1132 700 exemplum
1142 630 1315 691 inuenimus,
1325 628 1391 695 prout
1448 640 1450 673 ε

188 715 257 768 dicti
279 716 381 781 nourij
405 715 513 782 publici
534 716 716 777 inuenerunt,
740 729 805 767 cum
827 715 932 768 litteris
954 717 984 768 et
1007 715 1196 769 instrumento
1225 710 1392 780 originalibus

188 799 353 851 memoratis
364 800 395 850 in
412 799 543 850 omuibus
559 800 589 851 et
604 812 657 864 per
676 798 772 850 omnia
788 799 972 860 concordare,
985 798 1025 850 nil
1038 798 1134 850 addito
1145 796 1193 851 rel
1205 797 1324 857 remoto,
1334 792 1392 859 quod

188 894 302 933 sensum
324 881 415 934 mutet
434 883 482 933 aut
505 882 596 934 variet
617 880 816 947 intellectum3
843 882 949 933 idcirco
976 882 1011 934 ad
1034 881 1139 933 dictam
1165 880 1257 946 ipsius
1282 876 1393 944 magiam

187 963 338 1017 absalonis
349 962 594 1030 supplicationem,
609 965 723 1016 nomine
734 977 790 1028 quo
802 977 897 1030 supra,
911 967 1038 1016 nostram
1049 963 1196 1030 premissis
1214 960 1394 1015 auctoritatem

189 1047 363 1099 ordinariam
374 1049 458 1112 atque
470 1047 615 1100 decretum
632 1048 855 1111 interponentes,
868 1047 1108 1112 pronuntiandum
1120 1046 1255 1098 duximus
1271 1045 1302 1097 et
1317 1042 1394 1095 decer·

189 1129 322 1192 nendum,
350 1131 622 1196 pronuntiamusque
647 1131 677 1182 et
696 1130 873 1181 decernimus
889 1130 919 1180 in
940 1129 996 1194 h'q's
1018 1129 1142 1194 scriptis,
1161 1126 1324 1180 huiusmodi
1336 1127 1395 1176 trau

189 1214 302 1278 sumpto
319 1213 381 1265 siue
396 1212 525 1277 exemplo
542 1214 650 1264 tantam
665 1213 695 1265 et
714 1213 834 1264 eandem
845 1213 930 1264 fldem
951 1213 1171 1278 imperpetuum,
1189 1213 1249 1262 tam
1259 1209 1290 1261 in
1307 1207 1395 1274 judicio

189 1308 275 1359 quam
286 1296 376 1357 extra,
388 1294 577 1347 edhibendam
587 1296 650 1348 iore
661 1296 690 1347 et
701 1295 831 1347 adhiberi
841 1295 955 1356 debere,
974 1295 1047 1347 sicut
1058 1294 1142 1346 dictis
1151 1291 1260 1346 litteris
1272 1293 1303 1344 et
1312 1290 1395 1342 imtsu·

190 1375 286 1426 mento
304 1373 502 1442 originalibus,
514 1373 577 1425 siin
588 1374 694 1438 judicio
714 1373 759 1426 vel
776 1373 847 1425 alibi
867 1373 995 1426 exhibite
1013 1373 1108 1426 iurent
1117 1371 1164 1425 rel
1178 1373 1302 1424 ostense.
1314 1369 1348 1422 Et
1357 1367 1396 1419 hoc

191 1452 322 1504 omnibus
333 1455 362 1504 et
373 1451 494 1519 singulis
514 1466 635 1518 quorum
655 1452 776 1506 interest
793 1452 839 1504 rel
857 1452 998 1505 interesse
1018 1451 1135 1518 poterit,
1156 1447 1396 1516 quomodolibetiu

190 1532 319 1584 tuturum
330 1531 508 1583 notificamus
519 1544 572 1597 per
583 1534 741 1596 presentes.

223 1615 258 1667 In
277 1627 399 1678 quorum
418 1614 545 1666 omnium
567 1616 598 1666 et
624 1613 803 1680 singulorum
832 1612 917 1665 iidem
945 1615 975 1665 et
994 1612 1190 1665 testimonium
1215 1609 1395 1677 premissorum

192 1696 354 1749 huiusmodi
373 1698 581 1761 transumptum
592 1709 642 1749 seu
663 1695 824 1760 exemplum
844 1695 873 1747 in
893 1695 1020 1761 presenti
1037 1695 1182 1747 volumine
1203 1690 1396 1759 quatuordecim

193 1778 264 1832 tolia
279 1779 442 1831 continente
459 1779 604 1830 redactum
626 1778 689 1830 deri
709 1779 739 1830 et
758 1791 810 1842 per
829 1777 918 1829 dictos
936 1778 1062 1830 notarios
1079 1775 1209 1843 publicos
1225 1774 1342 1842 signari,
1349 1772 1396 1824 sub

193 1861 280 1913 scribi
300 1863 330 1914 et
340 1860 480 1926 publicari
491 1862 610 1912 lecimus
628 1852 657 1914 et
674 1861 880 1924 mandabimus,
894 1859 1040 1927 sigillique
1060 1859 1136 1912 sedis
1156 1857 1342 1911 Tornaoensis
1355 1856 1397 1921 ius

194 1943 282 1997 simus
293 1943 464 2009 appensione
476 1943 590 1995 muniri.

228 2025 332 2078 Datum
341 2027 370 2078 et
382 2028 475 2079 actum
491 2027 521 2077 in
532 2025 608 2076 diota
620 2025 793 2077 'fornacensi
805 2026 894 2091 ouria,
908 2038 981 2078 anno
994 2025 1109 2077 Domini
1127 2022 1281 2076 millesimo
1290 2019 1398 2086 quadria-

195 2108 353 2175 geutesimo
365 2108 495 2160 vicesium
507 2109 610 2173 primo,
628 2108 783 2160 indictione
799 2108 910 2160 decima
926 2108 1035 2172 quinta,
1048 2107 1155 2159 mensis
1166 2119 1235 2159 vero
1246 2103 1360 2159 Janusri
1366 2101 1400 2152 die

195 2191 330 2244 vicesima
340 2192 452 2255 octaua,
460 2190 642 2255 pontificatus
652 2191 721 2242 dicti
729 2190 837 2242 domiui
849 2191 939 2242 nostri
951 2203 1024 2255 pape
1033 2203 1107 2242 auno
1119 2190 1232 2254 quinto,
1244 2185 1401 2254 presentibus

195 2271 406 2326 venerabilibus
423 2273 491 2324 viris
508 2273 653 2338 magistris
670 2272 801 2325 ,Iohanne
813 2275 848 2324 de
860 2272 955 2325 Malda
966 2273 996 2324 in
1008 2272 1139 2335 decretis,
1152 2269 1273 2324 Nicolao
1284 2265 1402 2322 deliciis

197 2357 226 2408 iu
236 2355 348 2422 legibus
356 2355 521 2419 licentiatis,
529 2354 706 2420 presbiteris,
716 2355 871 2418 aduocatis,
881 2354 1023 2408 Rollando
1036 2355 1159 2420 Boydin,
1167 2352 1302 2407 iohanne
1310 2347 1401 2412 blusiel.

197 2439 312 2491 Nicasio
334 2438 483 2500 Piedanas,
503 2436 634 2490 Jobaune
654 2438 759 2500 Houin,
780 2437 889 2490 Mathia
911 2438 1055 2491 Sandrard
1077 2438 1107 2489 et
1128 2437 1265 2489 Eustaoio
1289 2431 1402 2496 weris.

198 2519 321 2582 clericis,
333 2520 451 2586 nomrljs
469 2520 544 2572 dicte
558 2518 745 2573 Tornacensis
756 2520 835 2574 curie
850 2521 963 2585 iuratis,
982 2519 1101 2572 testibus
1113 2519 1149 2571 ad
1166 2513 1404 2585 premisssvocatis

199 2602 363 2668 specialiter
381 2604 411 2655 et
430 2601 549 2669 rogatis.

232 2684 270 2736 Et
291 2698 345 2751 ego
369 2683 491 2736 Thomas
515 2684 657 2746 Griaume,
687 2685 871 2737 Lexouiensis
897 2686 1027 2750 diocesis,
1056 2684 1189 2751 publicus
1215 2680 1366 2750 apostolica
1385 2678 1407 2730 et

199 2765 343 2832 imperiali
360 2767 576 2836 auctoritatibus
595 2768 730 2831 curisque
750 2767 919 2833 episcopalis
940 2768 1128 2820 Tornacensis
1145 2766 1288 2831 commus,
1307 2764 1335 2817 et
1348 2763 1408 2814 diota

199 2850 279 2901 curie
295 2847 527 2915 scribajuratus;
547 2850 623 2913 quia,
641 2852 718 2902 lacta
729 2863 781 2916 per
791 2863 837 2903 me
853 2863 918 2902 oum
929 2851 1061 2903 discretis
1081 2850 1152 2901 viris
1173 2848 1295 2913 notarb's
1306 2843 1408 2913 publicis

200 2932 391 2997 infrascriptis
408 2931 443 2983 de
456 2932 583 2996 presenti
600 2933 789 2998 transsumpto
801 2933 836 2985 ad
854 2932 965 2985 litteras
982 2933 1139 2999 originales
1156 2932 1291 2997 superius
1307 2928 1409 2981 imerus

201 3013 354 3066 collatione
363 3012 674 3080 diligenti,buiusmodi
683 3016 905 3079 transsumptum
913 3028 978 3067 cum
987 3016 1095 3068 eisdem
1104 3014 1212 3065 litteris
1220 3014 1252 3066 et
1259 3014 1411 3064 instrumea·

202 3097 240 3149 tis
261 3095 449 3162 originalibus
470 3097 500 3147 in
520 3097 650 3148 omnibus
667 3099 697 3149 et
715 3111 768 3162 per
787 3098 882 3148 omnia
901 3097 1075 3149 concordare
1092 3097 1203 3160 inueni,
1222 3094 1265 3147 nil
1276 3088 1410 3148 additord

202 3180 313 3231 remoto
324 3195 332 3242 ;
344 3179 546 3243 premissisque
563 3179 693 3230 omnibus
710 3181 739 3231 et
749 3179 880 3246 singulis,
897 3178 965 3231 dum
976 3179 1059 3231 modo
1077 3179 1238 3245 prescripto
1251 3192 1305 3243 per
1314 3185 1412 3228 renea

203 3261 290 3312 bilem
311 3260 340 3312 et
356 3261 579 3325 circonspectum
596 3262 687 3312 virum
704 3262 848 3313 dominum
868 3261 1020 3314 officialem
1037 3262 1252 3314 'l'ornacensem
1271 3259 1413 3326 predictum

204 3344 234 3396 et
244 3355 340 3394 coram
351 3356 386 3394 eo
398 3344 552 3409 agerentur
563 3344 780 3409 dicerenturque
793 3346 822 3396 et
835 3344 946 3407 flerent,
959 3357 1079 3397 unacum
1090 3343 1301 3409 prenominatis
1313 3340 1415 3393 testibus

204 3437 321 3491 presens
340 3424 391 3485 tui,
413 3437 510 3488 esque.
525 3425 567 3477 sic
590 3425 653 3477 deri
674 3426 732 3476 vidi
755 3427 784 3478 et
803 3427 920 3492 audiui3
945 3426 1051 3478 idcirco
1073 3426 1127 3477 hoc
1147 3438 1268 3490 presens
1288 3422 1416 3489 publicum

203 3507 423 3559 instrumentum
445 3520 495 3559 seu
516 3509 738 3572 transsumptum
762 3508 909 3561 decretum
928 3510 959 3561 in
982 3522 1013 3561 se
1041 3508 1202 3571 continens,
1225 3520 1314 3559 mmo
1338 3503 1417 3558 allent

204 3587 328 3642 fideliter
339 3587 485 3653 scriptum,
506 3589 541 3640 de
562 3589 630 3640 dicti
646 3589 752 3641 domini
772 3591 903 3643 officialis
922 3592 1056 3644 mandato
1078 3591 1202 3654 conieci,
1215 3591 1246 3644 et
1263 3601 1331 3641 cum
1348 3583 1416 3638 dicti

206 3672 325 3736 notarljs
347 3669 499 3736 publicaui,
523 3671 660 3737 signoque
682 3686 745 3724 mco
768 3673 863 3738 solito,
886 3687 1005 3727 vnacum
1030 3672 1120 3741 sigilli
1143 3672 1220 3726 sedis
1241 3667 1417 3724 Toruaceusls

206 3752 389 3819 appensione,
407 3752 552 3820 signisque
564 3755 593 3805 et
604 3754 857 3821 subscriptionibus
875 3756 1016 3808 dictorum
1027 3756 1208 3808 notariorum
1227 3753 1371 3816 roboraui,
1381 3749 1417 3800 hit

207 3849 252 3888 me
264 3834 444 3888 subscribens
462 3848 548 3887 manu
566 3837 692 3901 propria,
713 3838 743 3889 in
755 3837 840 3889 fldem
856 3839 886 3890 et
896 3838 1019 3891 validius
1039 3837 1238 3891 testimonium
1257 3830 1417 3888 omniumet

206 3917 385 3984 singulorum
397 3914 609 3982 premissorum,
621 3919 783 3985 specialiter
794 3920 957 3984 requisitus.

239 3999 277 4051 Et
287 4012 342 4066 ego
353 3998 499 4052 lohannes
519 3999 610 4062 Milot,
628 4000 748 4053 clericus
767 4002 957 4057 'l'ornacensis
967 4003 1109 4069 dyocesis,
1124 4002 1260 4068 publicus
1281 3996 1418 4069 apoculo

207 4083 237 4135 et
248 4080 390 4146 imperiali
410 4081 625 4135 auctoritatibus
645 4085 779 4148 carieque
801 4085 969 4151 episcopalis
992 4085 1184 4138 Toruaoensis
1205 4085 1345 4145 notarius,
1357 4079 1418 4146 quit

207 4165 283 4216 lacte
302 4177 354 4229 per
373 4177 419 4216 me
439 4177 503 4216 cum
522 4165 652 4216 discretis
671 4166 740 4217 viris
760 4168 878 4233 notarljs
897 4168 1019 4233 publicis
1039 4182 1127 4233 supra
1147 4169 1179 4220 et
1196 4165 1384 4232 infrascriptis
1393 4161 1419 4212 dt

207 4247 335 4311 presenti
363 4247 554 4311 transsumpto
583 4247 618 4298 ad
646 4246 757 4300 litteras
785 4250 940 4316 originales
969 4251 1101 4316 superius
1129 4251 1257 4304 insertas
1285 4246 1419 4302 collatione

209 4326 350 4394 diligenti,
368 4326 528 4380 huiusmodi
546 4329 767 4395 transsumptum
784 4344 848 4383 cum
865 4333 973 4385 eisdem
991 4333 1096 4386 litteris
1113 4335 1145 4386 et
1162 4331 1362 4386 instrumentis
1376 4325 1421 4379 ori·

209 4404 352 4470 ginalibus
368 4404 398 4456 in
416 4406 546 4459 omnibus
558 4408 588 4458 et
603 4420 655 4472 per
667 4409 762 4460 omnia
781 4411 954 4462 concordare
965 4411 1075 4473 inueni,
1088 4411 1129 4463 nil
1142 4412 1242 4465 addito
1255 4409 1304 4465 uel
1315 4406 1421 4463 remoto·

209 4485 411 4552 premissisque
422 4488 552 4542 omnibus
568 4491 599 4543 et
614 4489 744 4561 singulis,
762 4491 829 4544 dum
845 4493 929 4546 modo
949 4494 1108 4562 prescripto
1127 4507 1182 4561 per
1198 4485 1420 4550 venmmiemst
