3188 5340
319 489 354 541 w
799 492 903 545 ANNO
921 493 1063 545 11751177

352 660 465 713 Addunt
473 660 613 725 preterea,
624 660 655 711 ut
663 658 735 710 mihi
744 660 865 722 videtur,
876 661 951 724 quod
960 662 1114 714 sectatores
1123 663 1180 714 mei
1187 662 1336 715 ecclesiam
1345 677 1401 716 non
1411 665 1543 730 trequen-

319 745 390 804 tant‚
403 742 477 807 quod
490 756 591 806 corpus
604 742 718 794 Domini
730 757 786 794 nou
804 743 955 808 acciplunt.
974 743 1135 797 Sectatores
1152 747 1247 796 utrum
1265 745 1412 798 habuerim
1433 747 1544 812 aliquos

320 824 364 877 vel
376 826 496 878 habeam
507 825 590 875 modo
606 826 719 889 110001ος
741 826 790 877 001
803 826 878 890 quod
895 825 1002 878 habere
1013 839 1158 891 nunquam
1177 828 1358 891 intenderim,
1376 830 1445 881 scio.
1464 832 1544 883 Atta-

319 921 384 960 men
395 907 467 959 mihi
486 909 578 960 sciens
588 908 749 972 impositam
762 909 960 960 necessitatem
972 910 1084 960 mortuo
1096 910 1179 961 tratri
1192 923 1256 961 meo
1269 923 1365 963 semen
1378 913 1542 975 suscitandi,

319 1003 352 1042 ve
365 990 435 1041 mihi
448 993 477 1043 et
488 1004 549 1042 esse
566 992 679 1053 011010,
698 991 722 1041 01
740 1005 795 1042 non
808 989 1046 1057 evangelizarem,
1058 991 1256 1044 formidabam.
1275 993 1351 1045 Dicit
1363 995 1439 1046 enim
1451 995 1546 1048 Domi·

320 1087 372 1125 nus
383 1087 434 1139 per
446 1073 634 1126 iheremiam:
659 1095 671 1116 u
682 1073 808 1125 Dilectus
820 1075 868 1138 qui
886 1073 1018 1138 prohibet
1036 1074 1164 1140 gladium
1184 1089 1266 1127 suum
1283 1090 1300 1127 a
1316 1075 1455 1142 sanguine
1465 1092 1497 1140 ις
1514 1079 1544 1129 01

319 1169 370 1221 per
384 1157 501 1209 Petrum
516 1171 522 1206 :
537 1178 549 1200 u
563 1156 762 1220 Unusquisque
780 1157 853 1207 sicut
870 1158 979 1223 accepit
999 1158 1122 1223 gratiam
1141 1156 1220 1209 illam
1231 1159 1261 1210 in
1273 1157 1442 1210 alterutrum
1455 1157 1543 1210 admi·

320 1240 471 1292 nistrantes
492 1240 564 1291 sieut
585 1240 651 1290 boni
668 1240 876 1304 dispensatores
895 1239 1077 1291 multiformis
1096 1241 1189 1306 gratie
1209 1242 1271 1294 Dei.
1290 1264 1304 1285 n
1324 1241 1451 1293 Gratiam
1471 1254 1542 1307 ergo

319 1322 520 1386 predicationis
532 1322 685 1374 secundum
693 1336 855 1374 mensuram
867 1323 1027 1374 donationis
1037 1322 1141 1374 Christi
1155 1322 1227 1374 mihi
1238 1323 1332 1375 datam
1341 1324 1371 1375 in
1380 1326 1459 1375 10110
1465 1336 1544 1388 ques·

320 1407 365 1456 tus
376 1405 485 1470 proprii
502 1405 619 1457 minime
637 1405 862 1457 abscondendam
883 1404 1058 1471 intelligens,
1075 1405 1110 1457 ad
1128 1419 1288 1458 mensuram
1301 1420 1346 1459 me
1357 1407 1418 1456 tota
1435 1402 1543 1457 virtute

319 1501 383 1539 eam
394 1487 504 1540 dedisse
516 1488 631 1539 memini
645 1504 653 1551 ς
671 1487 719 1539 001
732 1488 872 1540 neminem
885 1501 992 1549 eorum,
1007 1489 1108 1551 quibus
1121 1489 1351 1541 committebatur
1367 1488 1402 1540 ad
1419 1501 1465 1540 me
1483 1501 1542 1539 see·

319 1570 445 1633 tandum,
458 1570 509 1621 sed
517 1570 598 1631 Eum,
613 1571 661 1634 qui
668 1584 721 1635 pro
730 1571 799 1634 ipsis
812 1573 939 1621 mortuus
948 1579 992 1622 est
1000 1574 1029 1622 et
1039 1572 1206 1636 resurrexit,
1216 1572 1350 1624 invitasse
1358 1584 1405 1624 me
1414 1570 1543 1622 reminis·

319 1666 376 1704 cor.
396 1653 458 1704 Non
471 1666 545 1719 nego
558 1655 651 1704 tamen
664 1652 774 1716 aliquos
794 1653 931 1715 extitisse,
950 1652 1069 1704 clericos
1081 1666 1195 1718 paucos,
1213 1653 1300 1705 laicos
1312 1654 1427 1716 multos,
1445 1653 1494 1717 qui
1512 1653 1542 1703 in

318 1747 365 1786 me
374 1737 504 1788 notantes
515 1736 628 1787 habitus
640 1734 840 1797 humilitatem,
854 1735 1026 1787 cibariorum
1038 1736 1273 1799 mediocritatem,
1286 1735 1379 1803 glorie
1390 1737 1420 1788 et
1430 1736 1542 1787 divitia

318 1831 382 1869 rum
395 1820 596 1883 contemptum,
606 1817 683 1868 circa
693 1816 801 1868 cultum
813 1818 939 1868 divinum
951 1818 1123 1869 mundiciam
1132 1819 1162 1869 et
1170 1831 1267 1869 curam
1278 1819 1502 1884 propensiorem,
1512 1821 1544 1868 ut

317 1903 410 1953 minus
427 1902 540 1965 sapiens
563 1901 636 1962 dico,
656 1900 761 1952 Christi
780 1901 809 1951 in
828 1914 874 1953 me
895 1900 1059 1953 nitebantur
1076 1904 1105 1953 et
1122 1900 1195 1968 legis
1208 1902 1269 1965 ejus
1287 1902 1350 1954 11011
1362 1901 1544 1953 emulatores.

320 1984 357 2036 Et
374 1985 516 2036 benidicta
533 1984 589 2035 sint
606 1984 641 2035 ad
659 1982 722 2045 hoc,
737 1984 811 2047 quod
825 1984 1000 2035 subsannant
1018 1986 1173 2037 sectatores
1184 1997 1229 2036 me
1242 1983 1384 2047 habuisse,
1398 1998 1462 2036 cum
1474 1983 1545 2036 etin

317 2068 419 2119 bonam
430 2069 540 2132 partem
553 2068 676 2118 sectator
690 2065 854 2131 accipiatur,
866 2068 938 2118 teste
956 2064 1085 2131 apostolo
1098 2067 1146 2131 qui
1164 2067 1233 2118 dicit
1246 2088 1258 2109 u
1269 2069 1392 2119 sectator
1403 2067 1545 2118 bonorum

317 2164 443 2217 operum.
459 2173 472 2194 a

349 2233 386 2285 Et
403 2232 542 2297 quomodo
556 2232 611 2297 ipsi
623 2245 739 2283 senune
750 2230 872 2283 habeant
885 2231 934 2282 aut
945 2231 974 2281 in
985 2244 1069 2294 quem
1078 2232 1182 2282 statum
1191 2230 1366 2294 devenerint,
1378 2231 1414 2282 ad
1423 2230 1544 2284 exilium

317 2319 431 2369 coactus
445 2317 474 2368 et
490 2313 575 2380 longe
587 2316 622 2366 ab
635 2315 677 2367 010
695 2315 803 2379 positus
815 2314 889 2364 scire
907 2327 963 2364 non
974 2327 1104 2379 possum3
1123 2314 1172 2364 sed
1184 2313 1282 2377 quales
1300 2327 1348 2366 000
1364 2314 1544 2378 aliquantum

316 2400 446 2463 viderim,
456 2402 485 2450 et
496 2396 595 2462 quales
604 2396 770 2461 reliquerim
781 2396 891 2448 nescire
905 2411 960 2447 non
972 2410 1095 2461 possum.
1110 2396 1174 2447 Vidi
1192 2399 1270 2449 00110
1279 2410 1337 2461 000,
1351 2399 1379 2448 01
1390 2395 1496 2460 reliqui
1506 2395 1543 2447 ad

315 2483 463 2536 ecclesiam
472 2479 594 2532 sollicite
606 2482 634 2532 et
643 2481 810 2545 frequenter
817 2477 1097 2540 confluentes,multo
1107 2479 1235 2530 devotius
1245 2492 1290 2530 me
1302 2481 1424 2541 orantes,
1434 2477 1543 2530 hones-

315 2567 422 2618 tissime
440 2567 468 2616 et
481 2566 646 2615 reverenter
663 2576 693 2614 se
713 2562 785 2613 inibi
796 2562 996 2622 custodientes,
1010 2564 1070 2612 tota
1087 2561 1221 2613 aviditate
1232 2562 1349 2613 verbum
1362 2562 1413 2614 Dei
1423 2562 1541 2614 audien-

315 2654 367 2709 tes,
378 2649 407 2699 in
417 2645 601 2698 immolatime
613 2645 741 2711 corporis
752 2647 782 2697 et
790 2644 938 2710 sanguinis
951 2644 1092 2695 Dominiei
1109 2645 1190 2707 quasi
1207 2645 1401 2696 universitatis
1420 2645 1427 2694 l
1434 2645 1542 2695 'omino

315 2747 367 2799 pro
381 2745 411 2784 se
424 2731 516 2781 denuo
528 2729 657 2794 patienti,
669 2728 792 2793 suspiris
804 2729 833 2779 et
844 2726 972 2793 singultu
984 2726 1128 2791 frequenti
1140 2727 1310 2778 testificante
1323 2726 1541 2792 compatientes,

315 2811 386 2863 adeo
398 2814 429 2862 ut
449 2812 516 2863 dum
537 2810 639 2862 altario
652 2809 823 2875 aliquotiens
836 2824 900 2861 cum
912 2809 1024 2875 lapideo
1037 2810 1121 2860 corde
1132 2811 1304 2871 assisterem,
1314 2810 1441 2874 tantique
1450 2810 1541 2861 01100-

315 2899 361 2945 tus
369 2896 399 2946 et
407 2894 522 2958 pietatis
531 2894 637 2945 indicia
646 2894 805 2945 certissima
811 2893 998 2958 perciperem,
1007 2891 1110 2942 dilecto
1124 2890 1193 2941 mihi
1207 2891 1411 2955 quodammodo
1428 2904 1542 2956 pereos

314 2974 457 3040 loquente,
468 2977 591 3028 animam
602 2988 694 3028 meam
705 2976 813 3041 pariter
821 2974 964 3039 liquefieri
974 2974 1119 3025 sentirem.
1126 2973 1200 3032 Quid
1208 2974 1332 3038 denique
1340 2976 1464 3026 reieram
1473 2988 1542 3026 eum

313 3060 419 3123 quanta
442 3059 534 3110 cordis
558 3059 737 3118 contritione,
761 3070 825 3107 cum
845 3060 951 3119 quanta
971 3054 1153 3106 lacrimarum
1169 3056 1342 3120 pertusione,
1355 3069 1419 3106 cum
1431 3057 1542 3119 quauta

312 3142 474 3194 reverentia
485 3144 514 3192 et
526 3142 660 3192 tremore.
674 3153 759 3203 quam
771 3139 833 3190 sine
851 3139 927 3188 omni
940 3137 1059 3203 strepitu
1072 3135 1203 3202 populari
1215 3138 1244 3188 et
1255 3138 1421 3190 contusione
1434 3152 1541 3205 corpus

312 3223 342 3275 et
361 3224 531 3290 sanguinem
542 3221 695 3275 salvatoris
705 3220 782 3272 soliti
798 3223 881 3273 erant
889 3220 1053 3286 perciperet
1066 3219 1262 3271 Procedebant
1282 3232 1350 3272 sane
1367 3218 1540 3273 delectabile

312 3307 373 3357 visu
383 3306 513 3367 sensatis,
526 3304 655 3358 terribile
664 3305 804 3368 reprobis,
821 3308 853 3354 ut
864 3304 1021 3354 castrorum
1046 3303 1121 3353 acies
1134 3301 1272 3354 ordinata.
1290 3302 1380 3362 Quem
1391 3316 1445 3368 ego
1458 3304 1540 3355 ordi·

313 3393 424 3441 namet
441 3389 555 3454 pietatis
577 3388 709 3439 allectum
726 3387 756 3437 in
774 3387 815 3437 eis
831 3386 1023 3445 considerans,
1042 3397 1087 3436 me
1109 3398 1177 3438 vero
1194 3384 1256 3436 loco
1274 3387 1461 3450 superiorem,
1486 3386 1538 3437 sed

313 3471 415 3521 merito
435 3469 521 3537 longe
541 3471 708 3521 interiorem
720 3482 917 3534 expavescens,
936 3469 1077 3532 optabam,
1096 3482 1152 3518 non
1173 3466 1338 3519 laborabam
1351 3467 1453 3519 similis
1472 3469 1538 3520 fleri

313 3553 431 3605 dicens:
457 3552 597 3605 Moriatur
620 3553 714 3604 anima
736 3564 801 3603 mea
817 3552 908 3602 morte
924 3551 1073 3613 justorum,
1094 3551 1163 3601 flant
1181 3551 1334 3602 novissima
1350 3564 1414 3603 mea
1432 3549 1540 3602 horum

313 3636 426 3688 similia.
449 3636 569 3687 Domum
588 3649 656 3687 vero
673 3635 808 3700 regressi,
827 3634 922 3685 sobrie
941 3634 970 3684 et
987 3633 1033 3697 pie
1053 3634 1250 3695 vescebantur,
1272 3634 1418 3685 residuum
1439 3635 1538 3686 autem

313 3719 370 3771 diei
380 3719 512 3783 usquead
524 3720 685 3784 vespertine
695 3717 788 3769 laudis
800 3718 922 3782 tempus,
936 3715 1141 3780 sollempnibus
1158 3716 1222 3766 dico
1236 3717 1344 3778 diebus,
1361 3717 1389 3766 in
1407 3714 1537 3782 psalmis,

311 3804 341 3854 in
362 3802 454 3868 ymnis
471 3804 500 3853 et
525 3803 641 3853 canticis
661 3800 858 3866 spiritualibus
880 3799 1087 3863 expendebant,
1106 3799 1203 3852 audita
1221 3812 1331 3863 queque
1354 3800 1385 3849 ln
1413 3797 1539 3852 ecclesia

310 3883 486 3935 ruminantes
506 3886 535 3934 et
551 3897 613 3936 sese
632 3887 729 3936 mutuo
741 3884 776 3934 ad
788 3881 1004 3935 custodiendum
1022 3880 1212 3933 cohortantes.
1227 3882 1308 3934 Unde
1326 3884 1357 3933 et
1374 3894 1438 3947 ego,
1451 3882 1537 3933 bonis

312 3980 411 4020 eorum
434 3967 534 4018 studiis
552 3979 717 4032 cooperans,
740 3965 900 4032 virginibus
921 3965 1008 4016 vitam
1026 3966 1055 4016 01
1077 3965 1238 4029 passionem
1256 3965 1338 4017 beate
1355 3964 1483 4029 Virginis
1507 3967 1538 4017 et

312 4049 418 4102 01111011
430 4050 528 4102 matris
546 4050 660 4116 agnitis,
684 4049 814 4100 omnlbus
825 4062 893 4100 vero
906 4046 1081 4115 generaliter
1098 4050 1177 4099 actus
1190 4046 1382 4113 apostolorum
1394 4046 1537 4099 rithmicis

312 4134 514 4200 concrepantes
526 4130 647 4183 modulis
660 4131 695 4183 ad
707 4130 835 4196 linguam
847 4130 902 4180 sibi
915 4130 1054 4181 notiorem
1067 4143 1084 4180 a
1096 4128 1197 4181 Latina
1211 4129 1537 4194 transmearam,mu1tis

309 4215 372 4269 1000
384 4230 510 4283 congruo
532 4214 646 4266 insertis
664 4211 913 4273 exhortationum,
932 4214 964 4262 ut
975 4209 1108 4262 videlieet
1124 4210 1303 4262 haberentet
1324 4209 1423 4261 manus
1439 4211 1536 4274 iestis,

309 4298 415 4350 mundo
433 4298 463 4349 in
486 4297 571 4349 rebus
591 4294 721 4359 pessimis
744 4290 898 4354 exultante,
920 4305 937 4343 a
953 4294 1092 4343 venenato
1109 4291 1199 4357 ipsius
1215 4289 1301 4343 melle
1319 4305 1380 4344 sese
1397 4305 1536 4346 revocare

308 4381 474 4447 potuissent.

341 4462 378 4514 Et
391 4462 445 4514 hoc
457 4467 509 4524 est,
522 4460 597 4526 quod
614 4462 712 4525 preter
723 4459 822 4522 scripti
832 4459 875 4510 sui
889 4457 1083 4509 accusationes
1095 4457 1225 4520 queritur
1236 4457 1300 4517 iste,
1318 4468 1363 4507 me
1375 4457 1538 4522 scripturas

309 4557 404 4597 sacras
421 4545 547 4610 indignis
567 4543 722 4609 aperuisse,
742 4555 798 4593 non
816 4553 1008 4592 rememorans
1024 4539 1099 4604 quod
1113 4539 1236 4605 predixit
1254 4539 1392 4591 Dominus
1409 4552 1537 4607 regnum
