<?xml version="1.0" encoding="UTF-8"?>
<!DOCTYPE html PUBLIC "-//W3C//DTD XHTML 1.0 Transitional//EN"
    "http://www.w3.org/TR/xhtml1/DTD/xhtml1-transitional.dtd">
<html xmlns="http://www.w3.org/1999/xhtml" xml:lang="en" lang="en">
 <head>
  <title>
</title>
<meta http-equiv="Content-Type" content="text/html;charset=utf-8" />
  <meta name='ocr-system' content='tesseract 3.04.00' />
  <meta name='ocr-capabilities' content='ocr_page ocr_carea ocr_par ocr_line ocrx_word'/>
</head>
<body>
  <div class='ocr_page' id='page_1' title='image "./corpusdocumento00frgoog_0099.png"; bbox 0 0 3188 5340; ppageno 0'>
   <div class='ocr_carea' id='block_1_1' title="bbox 212 509 919 580">
    <p class='ocr_par' dir='ltr' id='par_1_1' title="bbox 212 509 919 580">
     <span class='ocr_line' id='line_1_1' title="bbox 212 509 919 580; baseline 0.007 -8"><span class='ocrx_word' id='word_1_1' title='bbox 212 519 246 572; x_wconf 86' lang='lat' dir='ltr'><strong>ss</strong></span> <span class='ocrx_word' id='word_1_2' title='bbox 732 524 836 580; x_wconf 78' lang='lat' dir='ltr'><strong>nuuc</strong></span> <span class='ocrx_word' id='word_1_3' title='bbox 854 509 919 578; x_wconf 80' lang='lat' dir='ltr'><strong>iaie</strong></span> 
     </span>
    </p>
   </div>
   <div class='ocr_carea' id='block_1_2' title="bbox 181 685 1433 4643">
    <p class='ocr_par' dir='ltr' id='par_1_2' title="bbox 200 685 1433 1661">
     <span class='ocr_line' id='line_1_2' title="bbox 209 685 1433 763; baseline 0.009 -24"><span class='ocrx_word' id='word_1_4' title='bbox 209 685 390 752; x_wconf 89' lang='lat' dir='ltr'><strong>apostolicae,</strong></span> <span class='ocrx_word' id='word_1_5' title='bbox 411 687 604 754; x_wconf 76' lang='lat' dir='ltr'><strong>irrefragabili</strong></span> <span class='ocrx_word' id='word_1_6' title='bbox 624 693 653 738; x_wconf 88' lang='lat' dir='ltr'><strong>et</strong></span> <span class='ocrx_word' id='word_1_7' title='bbox 672 690 809 754; x_wconf 90' lang='lat' dir='ltr'><strong>perpetuo</strong></span> <span class='ocrx_word' id='word_1_8' title='bbox 834 690 956 743; x_wconf 86' lang='lat' dir='ltr'><strong>valitura</strong></span> <span class='ocrx_word' id='word_1_9' title='bbox 979 693 1144 745; x_wconf 81' lang='lat' dir='ltr'><strong>sustulimus</strong></span> <span class='ocrx_word' id='word_1_10' title='bbox 1162 696 1320 759; x_wconf 74' lang='lat' dir='ltr'><strong>sanctione,</strong></span> <span class='ocrx_word' id='word_1_11' title='bbox 1340 697 1433 763; x_wconf 90' lang='lat' dir='ltr'><strong>ipsum</strong></span> 
     </span>
     <span class='ocr_line' id='line_1_3' title="bbox 208 769 1433 841; baseline 0.009 -22"><span class='ocrx_word' id='word_1_12' title='bbox 208 769 393 834; x_wconf 83' lang='lat' dir='ltr'><strong>prohibitioni</strong></span> <span class='ocrx_word' id='word_1_13' title='bbox 415 772 569 834; x_wconf 83' lang='lat' dir='ltr'><strong>perpetuae</strong></span> <span class='ocrx_word' id='word_1_14' title='bbox 588 775 799 836; x_wconf 87' lang='lat' dir='ltr'><strong>supponentes:</strong></span> <span class='ocrx_word' id='word_1_15' title='bbox 821 774 977 825; x_wconf 80' lang='lat' dir='ltr'><strong>districtius</strong></span> <span class='ocrx_word' id='word_1_16' title='bbox 1000 774 1164 837; x_wconf 89' lang='lat' dir='ltr'><strong>inhibendo,</strong></span> <span class='ocrx_word' id='word_1_17' title='bbox 1188 778 1306 841; x_wconf 87' lang='lat' dir='ltr'><strong>nequis</strong></span> <span class='ocrx_word' id='word_1_18' title='bbox 1325 778 1433 830; x_wconf 91' lang='lat' dir='ltr'><strong>dictum</strong></span> 
     </span>
     <span class='ocr_line' id='line_1_4' title="bbox 207 852 1431 928; baseline 0.01 -27"><span class='ocrx_word' id='word_1_19' title='bbox 207 853 336 903; x_wconf 86' lang='lat' dir='ltr'><strong>ordinem</strong></span> <span class='ocrx_word' id='word_1_20' title='bbox 347 852 382 903; x_wconf 95' lang='lat' dir='ltr'><strong>de</strong></span> <span class='ocrx_word' id='word_1_21' title='bbox 402 854 514 903; x_wconf 88' lang='lat' dir='ltr'><strong>caetero</strong></span> <span class='ocrx_word' id='word_1_22' title='bbox 532 853 649 916; x_wconf 89' lang='lat' dir='ltr'><strong>intrare,</strong></span> <span class='ocrx_word' id='word_1_23' title='bbox 662 854 706 905; x_wconf 87' lang='lat' dir='ltr'><strong>vel</strong></span> <span class='ocrx_word' id='word_1_24' title='bbox 724 856 786 919; x_wconf 80' lang='lat' dir='ltr'><strong>eJus</strong></span> <span class='ocrx_word' id='word_1_25' title='bbox 804 856 932 909; x_wconf 87' lang='lat' dir='ltr'><strong>habitum</strong></span> <span class='ocrx_word' id='word_1_26' title='bbox 951 859 1095 924; x_wconf 84' lang='lat' dir='ltr'><strong>suscipere</strong></span> <span class='ocrx_word' id='word_1_27' title='bbox 1112 858 1156 910; x_wconf 83' lang='lat' dir='ltr'><strong>vel</strong></span> <span class='ocrx_word' id='word_1_28' title='bbox 1172 862 1299 924; x_wconf 90' lang='lat' dir='ltr'><strong>portare,</strong></span> <span class='ocrx_word' id='word_1_29' title='bbox 1318 865 1431 928; x_wconf 90' lang='lat' dir='ltr'><strong>autpro</strong></span> 
     </span>
     <span class='ocr_line' id='line_1_5' title="bbox 207 933 1430 1005; baseline 0.01 -20"><span class='ocrx_word' id='word_1_30' title='bbox 207 933 368 999; x_wconf 69' lang='lat' dir='ltr'><strong>&#39;templario</strong></span> <span class='ocrx_word' id='word_1_31' title='bbox 381 948 410 986; x_wconf 91' lang='lat' dir='ltr'><strong>se</strong></span> <span class='ocrx_word' id='word_1_32' title='bbox 422 947 524 1000; x_wconf 83' lang='lat' dir='ltr'><strong>gerere</strong></span> <span class='ocrx_word' id='word_1_33' title='bbox 535 940 746 1002; x_wconf 78' lang='lat' dir='ltr'><strong>praesumeret3</strong></span> <span class='ocrx_word' id='word_1_34' title='bbox 760 940 871 1004; x_wconf 92' lang='lat' dir='ltr'><strong>quodsi</strong></span> <span class='ocrx_word' id='word_1_35' title='bbox 884 942 947 1005; x_wconf 93' lang='lat' dir='ltr'><strong>quis</strong></span> <span class='ocrx_word' id='word_1_36' title='bbox 956 944 1056 992; x_wconf 91' lang='lat' dir='ltr'><strong>contra</strong></span> <span class='ocrx_word' id='word_1_37' title='bbox 1066 943 1184 1003; x_wconf 84' lang='lat' dir='ltr'><strong>iaceret,</strong></span> <span class='ocrx_word' id='word_1_38' title='bbox 1196 946 1430 997; x_wconf 85' lang='lat' dir='ltr'><strong>excommunica-</strong></span> 
     </span>
     <span class='ocr_line' id='line_1_6' title="bbox 204 1018 1428 1092; baseline 0.009 -24"><span class='ocrx_word' id='word_1_39' title='bbox 204 1018 290 1069; x_wconf 91' lang='lat' dir='ltr'><strong>tionis</strong></span> <span class='ocrx_word' id='word_1_40' title='bbox 300 1019 461 1071; x_wconf 81' lang='lat' dir='ltr'><strong>incurreret</strong></span> <span class='ocrx_word' id='word_1_41' title='bbox 472 1019 642 1070; x_wconf 89' lang='lat' dir='ltr'><strong>sententiam</strong></span> <span class='ocrx_word' id='word_1_42' title='bbox 650 1020 712 1085; x_wconf 92' lang='lat' dir='ltr'><strong>ipso</strong></span> <span class='ocrx_word' id='word_1_43' title='bbox 721 1022 796 1072; x_wconf 87' lang='lat' dir='ltr'><strong>lacto</strong></span> <span class='ocrx_word' id='word_1_44' title='bbox 807 1038 814 1086; x_wconf 81' lang='lat'>3</span> <span class='ocrx_word' id='word_1_45' title='bbox 828 1024 962 1076; x_wconf 87' lang='lat' dir='ltr'><strong>universa</strong></span> <span class='ocrx_word' id='word_1_46' title='bbox 973 1025 1061 1076; x_wconf 89' lang='lat' dir='ltr'><strong>etiam</strong></span> <span class='ocrx_word' id='word_1_47' title='bbox 1073 1024 1147 1075; x_wconf 90' lang='lat' dir='ltr'><strong>bona</strong></span> <span class='ocrx_word' id='word_1_48' title='bbox 1158 1024 1267 1076; x_wconf 81' lang='lat' dir='ltr'><strong>ordinis</strong></span> <span class='ocrx_word' id='word_1_49' title='bbox 1277 1024 1428 1092; x_wconf 84' lang='lat' dir='ltr'><strong>praelibati</strong></span> 
     </span>
     <span class='ocr_line' id='line_1_7' title="bbox 203 1098 1428 1171; baseline 0.008 -20"><span class='ocrx_word' id='word_1_50' title='bbox 203 1098 375 1166; x_wconf 81' lang='lat' dir='ltr'><strong>apostolicae</strong></span> <span class='ocrx_word' id='word_1_51' title='bbox 394 1100 470 1154; x_wconf 88' lang='lat' dir='ltr'><strong>sedis</strong></span> <span class='ocrx_word' id='word_1_52' title='bbox 489 1101 662 1153; x_wconf 91' lang='lat' dir='ltr'><strong>ordinationi</strong></span> <span class='ocrx_word' id='word_1_53' title='bbox 682 1103 711 1154; x_wconf 92' lang='lat' dir='ltr'><strong>et</strong></span> <span class='ocrx_word' id='word_1_54' title='bbox 731 1103 910 1169; x_wconf 82' lang='lat' dir='ltr'><strong>dispositioni</strong></span> <span class='ocrx_word' id='word_1_55' title='bbox 932 1107 1102 1158; x_wconf 82' lang='lat' dir='ltr'><strong>auctoritate</strong></span> <span class='ocrx_word' id='word_1_56' title='bbox 1117 1106 1275 1171; x_wconf 90' lang='lat' dir='ltr'><strong>apostolica</strong></span> <span class='ocrx_word' id='word_1_57' title='bbox 1296 1107 1428 1161; x_wconf 67' lang='lat' dir='ltr'><strong>dommus</strong></span> 
     </span>
     <span class='ocr_line' id='line_1_8' title="bbox 202 1181 1426 1253; baseline 0.007 -19"><span class='ocrx_word' id='word_1_58' title='bbox 202 1182 392 1246; x_wconf 77' lang='lat' dir='ltr'><strong>reservanda3</strong></span> <span class='ocrx_word' id='word_1_59' title='bbox 418 1181 578 1235; x_wconf 85' lang='lat' dir='ltr'><strong>inhibentes</strong></span> <span class='ocrx_word' id='word_1_60' title='bbox 600 1184 766 1247; x_wconf 89' lang='lat' dir='ltr'><strong>districtius,</strong></span> <span class='ocrx_word' id='word_1_61' title='bbox 791 1199 825 1238; x_wconf 91' lang='lat' dir='ltr'><strong>ne</strong></span> <span class='ocrx_word' id='word_1_62' title='bbox 849 1189 922 1251; x_wconf 87' lang='lat' dir='ltr'><strong>quis,</strong></span> <span class='ocrx_word' id='word_1_63' title='bbox 951 1188 1155 1253; x_wconf 84' lang='lat' dir='ltr'><strong>cujuscumque</strong></span> <span class='ocrx_word' id='word_1_64' title='bbox 1181 1189 1357 1242; x_wconf 90' lang='lat' dir='ltr'><strong>conditionis</strong></span> <span class='ocrx_word' id='word_1_65' title='bbox 1384 1190 1426 1244; x_wconf 85' lang='lat' dir='ltr'><strong>vel</strong></span> 
     </span>
     <span class='ocr_line' id='line_1_9' title="bbox 202 1264 1425 1335; baseline 0.011 -21"><span class='ocrx_word' id='word_1_66' title='bbox 202 1264 292 1315; x_wconf 89' lang='lat' dir='ltr'><strong>status</strong></span> <span class='ocrx_word' id='word_1_67' title='bbox 300 1264 446 1328; x_wconf 84' lang='lat' dir='ltr'><strong>existeret,</strong></span> <span class='ocrx_word' id='word_1_68' title='bbox 458 1278 489 1317; x_wconf 91' lang='lat' dir='ltr'><strong>se</strong></span> <span class='ocrx_word' id='word_1_69' title='bbox 500 1266 535 1317; x_wconf 92' lang='lat' dir='ltr'><strong>de</strong></span> <span class='ocrx_word' id='word_1_70' title='bbox 547 1266 676 1330; x_wconf 89' lang='lat' dir='ltr'><strong>personis</strong></span> <span class='ocrx_word' id='word_1_71' title='bbox 684 1266 729 1318; x_wconf 87' lang='lat' dir='ltr'><strong>vel</strong></span> <span class='ocrx_word' id='word_1_72' title='bbox 742 1268 824 1319; x_wconf 91' lang='lat' dir='ltr'><strong>bonis</strong></span> <span class='ocrx_word' id='word_1_73' title='bbox 836 1268 998 1334; x_wconf 87' lang='lat' dir='ltr'><strong>hujusmodi</strong></span> <span class='ocrx_word' id='word_1_74' title='bbox 1014 1269 1195 1335; x_wconf 76' lang='lat' dir='ltr'><strong>aliquetenus</strong></span> <span class='ocrx_word' id='word_1_75' title='bbox 1211 1271 1425 1332; x_wconf 83' lang='lat' dir='ltr'><strong>intromitteret.</strong></span> 
     </span>
     <span class='ocr_line' id='line_1_10' title="bbox 202 1343 1426 1420; baseline 0.009 -24"><span class='ocrx_word' id='word_1_76' title='bbox 202 1343 246 1397; x_wconf 84' lang='lat' dir='ltr'><strong>vel</strong></span> <span class='ocrx_word' id='word_1_77' title='bbox 258 1346 389 1409; x_wconf 89' lang='lat' dir='ltr'><strong>circaea,</strong></span> <span class='ocrx_word' id='word_1_78' title='bbox 401 1347 431 1398; x_wconf 95' lang='lat' dir='ltr'><strong>in</strong></span> <span class='ocrx_word' id='word_1_79' title='bbox 443 1346 650 1412; x_wconf 88' lang='lat' dir='ltr'><strong>praejudicium</strong></span> <span class='ocrx_word' id='word_1_80' title='bbox 661 1348 770 1400; x_wconf 87' lang='lat' dir='ltr'><strong>ordinis</strong></span> <span class='ocrx_word' id='word_1_81' title='bbox 784 1363 835 1402; x_wconf 93' lang='lat' dir='ltr'><strong>seu</strong></span> <span class='ocrx_word' id='word_1_82' title='bbox 851 1351 1045 1417; x_wconf 86' lang='lat' dir='ltr'><strong>dispositionis</strong></span> <span class='ocrx_word' id='word_1_83' title='bbox 1063 1350 1235 1418; x_wconf 89' lang='lat' dir='ltr'><strong>apostolicae</strong></span> <span class='ocrx_word' id='word_1_84' title='bbox 1258 1367 1312 1420; x_wconf 89' lang='lat' dir='ltr'><strong>per</strong></span> <span class='ocrx_word' id='word_1_85' title='bbox 1333 1354 1426 1407; x_wconf 88' lang='lat' dir='ltr'><strong>sedem</strong></span> 
     </span>
     <span class='ocr_line' id='line_1_11' title="bbox 201 1428 1424 1498; baseline 0.007 -17"><span class='ocrx_word' id='word_1_86' title='bbox 201 1428 339 1493; x_wconf 88' lang='lat' dir='ltr'><strong>eamdem,</strong></span> <span class='ocrx_word' id='word_1_87' title='bbox 351 1433 382 1481; x_wconf 89' lang='lat' dir='ltr'><strong>ut</strong></span> <span class='ocrx_word' id='word_1_88' title='bbox 390 1430 593 1495; x_wconf 88' lang='lat' dir='ltr'><strong>praemittitur,</strong></span> <span class='ocrx_word' id='word_1_89' title='bbox 605 1431 761 1495; x_wconf 82' lang='lat' dir='ltr'><strong>iaciendas,</strong></span> <span class='ocrx_word' id='word_1_90' title='bbox 769 1432 877 1498; x_wconf 91' lang='lat' dir='ltr'><strong>aliquid</strong></span> <span class='ocrx_word' id='word_1_91' title='bbox 889 1435 1007 1498; x_wconf 86' lang='lat' dir='ltr'><strong>laceret,</strong></span> <span class='ocrx_word' id='word_1_92' title='bbox 1014 1437 1164 1488; x_wconf 86' lang='lat' dir='ltr'><strong>innovaret</strong></span> <span class='ocrx_word' id='word_1_93' title='bbox 1182 1435 1227 1488; x_wconf 84' lang='lat' dir='ltr'><strong>vel</strong></span> <span class='ocrx_word' id='word_1_94' title='bbox 1239 1437 1329 1489; x_wconf 84' lang='lat' dir='ltr'><strong>etiam</strong></span> <span class='ocrx_word' id='word_1_95' title='bbox 1338 1438 1424 1489; x_wconf 86' lang='lat' dir='ltr'><strong>atten-</strong></span> 
     </span>
     <span class='ocr_line' id='line_1_12' title="bbox 200 1511 1422 1583; baseline 0.008 -21"><span class='ocrx_word' id='word_1_96' title='bbox 200 1511 292 1575; x_wconf 84' lang='lat' dir='ltr'><strong>taret;</strong></span> <span class='ocrx_word' id='word_1_97' title='bbox 312 1511 497 1564; x_wconf 82' lang='lat' dir='ltr'><strong>decernentes</strong></span> <span class='ocrx_word' id='word_1_98' title='bbox 514 1515 618 1564; x_wconf 85' lang='lat' dir='ltr'><strong>extunc</strong></span> <span class='ocrx_word' id='word_1_99' title='bbox 629 1514 744 1565; x_wconf 91' lang='lat' dir='ltr'><strong>irritum</strong></span> <span class='ocrx_word' id='word_1_100' title='bbox 756 1517 785 1567; x_wconf 88' lang='lat' dir='ltr'><strong>et</strong></span> <span class='ocrx_word' id='word_1_101' title='bbox 804 1516 899 1580; x_wconf 91' lang='lat' dir='ltr'><strong>inane,</strong></span> <span class='ocrx_word' id='word_1_102' title='bbox 917 1518 941 1568; x_wconf 93' lang='lat' dir='ltr'><strong>si</strong></span> <span class='ocrx_word' id='word_1_103' title='bbox 954 1531 1065 1570; x_wconf 82' lang='lat' dir='ltr'><strong>secuse</strong></span> <span class='ocrx_word' id='word_1_104' title='bbox 1085 1531 1227 1583; x_wconf 89' lang='lat' dir='ltr'><strong>quoquam</strong></span> <span class='ocrx_word' id='word_1_105' title='bbox 1244 1518 1422 1572; x_wconf 79' lang='lat' dir='ltr'><strong>scientervel</strong></span> 
     </span>
     <span class='ocr_line' id='line_1_13' title="bbox 200 1593 690 1661; baseline 0.008 -17"><span class='ocrx_word' id='word_1_106' title='bbox 200 1593 367 1661; x_wconf 76' lang='lat' dir='ltr'><strong>ignoranter</strong></span> <span class='ocrx_word' id='word_1_107' title='bbox 377 1595 531 1661; x_wconf 90' lang='lat' dir='ltr'><strong>contigerit</strong></span> <span class='ocrx_word' id='word_1_108' title='bbox 547 1597 690 1648; x_wconf 86' lang='lat' dir='ltr'><strong>attentari.</strong></span> 
     </span>
    </p>

    <p class='ocr_par' dir='ltr' id='par_1_3' title="bbox 189 1675 1425 3733">
     <span class='ocr_line' id='line_1_14' title="bbox 232 1675 1423 1748; baseline 0.006 -21"><span class='ocrx_word' id='word_1_109' title='bbox 232 1675 273 1727; x_wconf 81' lang='lat' dir='ltr'><strong>Ac</strong></span> <span class='ocrx_word' id='word_1_110' title='bbox 281 1678 469 1742; x_wconf 89' lang='lat' dir='ltr'><strong>postmodum,</strong></span> <span class='ocrx_word' id='word_1_111' title='bbox 483 1690 518 1728; x_wconf 90' lang='lat' dir='ltr'><strong>ne</strong></span> <span class='ocrx_word' id='word_1_112' title='bbox 530 1676 606 1729; x_wconf 88' lang='lat' dir='ltr'><strong>dicta</strong></span> <span class='ocrx_word' id='word_1_113' title='bbox 617 1679 699 1741; x_wconf 91' lang='lat' dir='ltr'><strong>bona,</strong></span> <span class='ocrx_word' id='word_1_114' title='bbox 713 1693 785 1743; x_wconf 91' lang='lat' dir='ltr'><strong>quae</strong></span> <span class='ocrx_word' id='word_1_115' title='bbox 803 1681 909 1733; x_wconf 89' lang='lat' dir='ltr'><strong>dudum</strong></span> <span class='ocrx_word' id='word_1_116' title='bbox 926 1683 961 1735; x_wconf 88' lang='lat' dir='ltr'><strong>ad</strong></span> <span class='ocrx_word' id='word_1_117' title='bbox 970 1683 1127 1735; x_wconf 87' lang='lat' dir='ltr'><strong>subsidium</strong></span> <span class='ocrx_word' id='word_1_118' title='bbox 1142 1683 1251 1748; x_wconf 80' lang='lat' dir='ltr'><strong>Terrae</strong></span> <span class='ocrx_word' id='word_1_119' title='bbox 1263 1683 1386 1736; x_wconf 80' lang='lat' dir='ltr'><strong>Sanctae</strong></span> <span class='ocrx_word' id='word_1_120' title='bbox 1397 1685 1423 1736; x_wconf 91' lang='lat' dir='ltr'><strong>et</strong></span> 
     </span>
     <span class='ocr_line' id='line_1_15' title="bbox 199 1757 1420 1834; baseline 0.007 -24"><span class='ocrx_word' id='word_1_121' title='bbox 199 1757 443 1826; x_wconf 74' lang='lat' dir='ltr'><strong>impugnationem</strong></span> <span class='ocrx_word' id='word_1_122' title='bbox 451 1760 632 1812; x_wconf 91' lang='lat' dir='ltr'><strong>inimicorum</strong></span> <span class='ocrx_word' id='word_1_123' title='bbox 643 1761 710 1813; x_wconf 87' lang='lat' dir='ltr'><strong>ildei</strong></span> <span class='ocrx_word' id='word_1_124' title='bbox 720 1762 891 1817; x_wconf 87' lang='lat' dir='ltr'><strong>christianae</strong></span> <span class='ocrx_word' id='word_1_125' title='bbox 904 1779 921 1817; x_wconf 91' lang='lat' dir='ltr'><strong>a</strong></span> <span class='ocrx_word' id='word_1_126' title='bbox 937 1764 1042 1817; x_wconf 83' lang='lat' dir='ltr'><strong>Christi</strong></span> <span class='ocrx_word' id='word_1_127' title='bbox 1054 1764 1211 1818; x_wconf 89' lang='lat' dir='ltr'><strong>cultoribus</strong></span> <span class='ocrx_word' id='word_1_128' title='bbox 1227 1766 1305 1828; x_wconf 85' lang='lat' dir='ltr'><strong>datu,</strong></span> <span class='ocrx_word' id='word_1_129' title='bbox 1318 1765 1420 1834; x_wconf 87' lang='lat' dir='ltr'><strong>legata,</strong></span> 
     </span>
     <span class='ocr_line' id='line_1_16' title="bbox 198 1844 1423 1914; baseline 0.007 -21"><span class='ocrx_word' id='word_1_130' title='bbox 198 1856 332 1894; x_wconf 89' lang='lat' dir='ltr'><strong>concessa</strong></span> <span class='ocrx_word' id='word_1_131' title='bbox 339 1845 369 1895; x_wconf 90' lang='lat' dir='ltr'><strong>et</strong></span> <span class='ocrx_word' id='word_1_132' title='bbox 377 1844 516 1908; x_wconf 89' lang='lat' dir='ltr'><strong>acquisita</strong></span> <span class='ocrx_word' id='word_1_133' title='bbox 526 1845 652 1907; x_wconf 86' lang='lat' dir='ltr'><strong>luerunt,</strong></span> <span class='ocrx_word' id='word_1_134' title='bbox 665 1846 761 1898; x_wconf 89' lang='lat' dir='ltr'><strong>debita</strong></span> <span class='ocrx_word' id='word_1_135' title='bbox 773 1849 980 1913; x_wconf 83' lang='lat' dir='ltr'><strong>gubernatione</strong></span> <span class='ocrx_word' id='word_1_136' title='bbox 992 1850 1129 1912; x_wconf 89' lang='lat' dir='ltr'><strong>carentia,</strong></span> <span class='ocrx_word' id='word_1_137' title='bbox 1139 1851 1286 1914; x_wconf 87' lang='lat' dir='ltr'><strong>tamquam</strong></span> <span class='ocrx_word' id='word_1_138' title='bbox 1294 1851 1423 1901; x_wconf 83' lang='lat' dir='ltr'><strong>vacantia</strong></span> 
     </span>
     <span class='ocr_line' id='line_1_17' title="bbox 197 1924 1422 1998; baseline 0.007 -22"><span class='ocrx_word' id='word_1_139' title='bbox 197 1924 371 1990; x_wconf 87' lang='lat' dir='ltr'><strong>deperirent,</strong></span> <span class='ocrx_word' id='word_1_140' title='bbox 380 1925 425 1979; x_wconf 83' lang='lat' dir='ltr'><strong>vel</strong></span> <span class='ocrx_word' id='word_1_141' title='bbox 437 1928 671 1978; x_wconf 88' lang='lat' dir='ltr'><strong>converterentur</strong></span> <span class='ocrx_word' id='word_1_142' title='bbox 679 1929 709 1979; x_wconf 93' lang='lat' dir='ltr'><strong>in</strong></span> <span class='ocrx_word' id='word_1_143' title='bbox 721 1943 788 1981; x_wconf 89' lang='lat' dir='ltr'><strong>usus</strong></span> <span class='ocrx_word' id='word_1_144' title='bbox 800 1930 872 1981; x_wconf 91' lang='lat' dir='ltr'><strong>alios</strong></span> <span class='ocrx_word' id='word_1_145' title='bbox 885 1944 969 1996; x_wconf 88' lang='lat' dir='ltr'><strong>quam</strong></span> <span class='ocrx_word' id='word_1_146' title='bbox 987 1932 1018 1983; x_wconf 92' lang='lat' dir='ltr'><strong>in</strong></span> <span class='ocrx_word' id='word_1_147' title='bbox 1028 1931 1104 1997; x_wconf 91' lang='lat' dir='ltr'><strong>illos,</strong></span> <span class='ocrx_word' id='word_1_148' title='bbox 1116 1933 1152 1984; x_wconf 89' lang='lat' dir='ltr'><strong>ad</strong></span> <span class='ocrx_word' id='word_1_149' title='bbox 1169 1945 1240 1996; x_wconf 91' lang='lat' dir='ltr'><strong>quos</strong></span> <span class='ocrx_word' id='word_1_150' title='bbox 1248 1932 1366 1984; x_wconf 74' lang='lat' dir='ltr'><strong>merant</strong></span> <span class='ocrx_word' id='word_1_151' title='bbox 1376 1932 1422 1998; x_wconf 82' lang='lat' dir='ltr'><strong>pia</strong></span> 
     </span>
     <span class='ocr_line' id='line_1_18' title="bbox 197 2004 1422 2080; baseline 0.007 -22"><span class='ocrx_word' id='word_1_152' title='bbox 197 2006 346 2061; x_wconf 81' lang='lat' dir='ltr'><strong>devotione</strong></span> <span class='ocrx_word' id='word_1_153' title='bbox 363 2007 491 2061; x_wconf 86' lang='lat' dir='ltr'><strong>fidelium</strong></span> <span class='ocrx_word' id='word_1_154' title='bbox 503 2010 645 2074; x_wconf 89' lang='lat' dir='ltr'><strong>deputata,</strong></span> <span class='ocrx_word' id='word_1_155' title='bbox 658 2011 703 2062; x_wconf 83' lang='lat' dir='ltr'><strong>rel</strong></span> <span class='ocrx_word' id='word_1_156' title='bbox 715 2013 832 2077; x_wconf 85' lang='lat' dir='ltr'><strong>propter</strong></span> <span class='ocrx_word' id='word_1_157' title='bbox 843 2004 1007 2066; x_wconf 86' lang='lat' dir='ltr'><strong>tarditatem</strong></span> <span class='ocrx_word' id='word_1_158' title='bbox 1019 2015 1206 2067; x_wconf 91' lang='lat' dir='ltr'><strong>ordinationis</strong></span> <span class='ocrx_word' id='word_1_159' title='bbox 1218 2017 1248 2067; x_wconf 86' lang='lat' dir='ltr'><strong>et</strong></span> <span class='ocrx_word' id='word_1_160' title='bbox 1260 2014 1422 2080; x_wconf 87' lang='lat' dir='ltr'><strong>dispositio·</strong></span> 
     </span>
     <span class='ocr_line' id='line_1_19' title="bbox 196 2090 1423 2164; baseline 0.007 -21"><span class='ocrx_word' id='word_1_161' title='bbox 196 2090 241 2143; x_wconf 87' lang='lat' dir='ltr'><strong>nis</strong></span> <span class='ocrx_word' id='word_1_162' title='bbox 266 2090 428 2155; x_wconf 88' lang='lat' dir='ltr'><strong>hujusmodi</strong></span> <span class='ocrx_word' id='word_1_163' title='bbox 451 2105 550 2144; x_wconf 87' lang='lat' dir='ltr'><strong>eorum</strong></span> <span class='ocrx_word' id='word_1_164' title='bbox 569 2091 724 2145; x_wconf 87' lang='lat' dir='ltr'><strong>destructio</strong></span> <span class='ocrx_word' id='word_1_165' title='bbox 742 2095 787 2147; x_wconf 87' lang='lat' dir='ltr'><strong>vel</strong></span> <span class='ocrx_word' id='word_1_166' title='bbox 807 2094 974 2162; x_wconf 86' lang='lat' dir='ltr'><strong>dilapidatio</strong></span> <span class='ocrx_word' id='word_1_167' title='bbox 994 2099 1181 2164; x_wconf 89' lang='lat' dir='ltr'><strong>sequeretur;</strong></span> <span class='ocrx_word' id='word_1_168' title='bbox 1203 2110 1269 2150; x_wconf 88' lang='lat' dir='ltr'><strong>cum</strong></span> <span class='ocrx_word' id='word_1_169' title='bbox 1285 2098 1423 2151; x_wconf 84' lang='lat' dir='ltr'><strong>iratribus</strong></span> 
     </span>
     <span class='ocr_line' id='line_1_20' title="bbox 197 2174 1421 2246; baseline 0.006 -20"><span class='ocrx_word' id='word_1_170' title='bbox 197 2176 302 2228; x_wconf 86' lang='lat' dir='ltr'><strong>nostris</strong></span> <span class='ocrx_word' id='word_1_171' title='bbox 329 2179 443 2228; x_wconf 89' lang='lat' dir='ltr'><strong>sanctae</strong></span> <span class='ocrx_word' id='word_1_172' title='bbox 463 2176 610 2228; x_wconf 86' lang='lat' dir='ltr'><strong>Romanae</strong></span> <span class='ocrx_word' id='word_1_173' title='bbox 631 2174 768 2228; x_wconf 88' lang='lat' dir='ltr'><strong>ecclesiae</strong></span> <span class='ocrx_word' id='word_1_174' title='bbox 790 2177 982 2230; x_wconf 88' lang='lat' dir='ltr'><strong>cardinalibus</strong></span> <span class='ocrx_word' id='word_1_175' title='bbox 1002 2193 1112 2232; x_wconf 90' lang='lat' dir='ltr'><strong>necnon</strong></span> <span class='ocrx_word' id='word_1_176' title='bbox 1130 2178 1311 2246; x_wconf 77' lang='lat' dir='ltr'><strong>patriarchis,</strong></span> <span class='ocrx_word' id='word_1_177' title='bbox 1330 2180 1421 2232; x_wconf 84' lang='lat' dir='ltr'><strong>archi·</strong></span> 
     </span>
     <span class='ocr_line' id='line_1_21' title="bbox 197 2258 1425 2325; baseline 0.002 -14"><span class='ocrx_word' id='word_1_178' title='bbox 197 2259 345 2324; x_wconf 89' lang='lat' dir='ltr'><strong>episcopis,</strong></span> <span class='ocrx_word' id='word_1_179' title='bbox 367 2260 507 2325; x_wconf 89' lang='lat' dir='ltr'><strong>episcopis</strong></span> <span class='ocrx_word' id='word_1_180' title='bbox 529 2263 557 2312; x_wconf 89' lang='lat' dir='ltr'><strong>et</strong></span> <span class='ocrx_word' id='word_1_181' title='bbox 574 2258 710 2325; x_wconf 89' lang='lat' dir='ltr'><strong>praelatis</strong></span> <span class='ocrx_word' id='word_1_182' title='bbox 730 2273 763 2311; x_wconf 90' lang='lat' dir='ltr'><strong>ac</strong></span> <span class='ocrx_word' id='word_1_183' title='bbox 788 2261 875 2312; x_wconf 91' lang='lat' dir='ltr'><strong>etiam</strong></span> <span class='ocrx_word' id='word_1_184' title='bbox 897 2275 962 2313; x_wconf 90' lang='lat' dir='ltr'><strong>cum</strong></span> <span class='ocrx_word' id='word_1_185' title='bbox 988 2259 1132 2312; x_wconf 89' lang='lat' dir='ltr'><strong>nonnullis</strong></span> <span class='ocrx_word' id='word_1_186' title='bbox 1160 2260 1368 2315; x_wconf 85' lang='lat' dir='ltr'><strong>excellentibus</strong></span> <span class='ocrx_word' id='word_1_187' title='bbox 1393 2265 1425 2316; x_wconf 87' lang='lat' dir='ltr'><strong>et</strong></span> 
     </span>
     <span class='ocr_line' id='line_1_22' title="bbox 196 2340 1422 2410; baseline 0.006 -18"><span class='ocrx_word' id='word_1_188' title='bbox 196 2340 354 2394; x_wconf 88' lang='lat' dir='ltr'><strong>illustribus</strong></span> <span class='ocrx_word' id='word_1_189' title='bbox 365 2343 503 2408; x_wconf 92' lang='lat' dir='ltr'><strong>personis,</strong></span> <span class='ocrx_word' id='word_1_190' title='bbox 516 2356 580 2394; x_wconf 88' lang='lat' dir='ltr'><strong>cum</strong></span> <span class='ocrx_word' id='word_1_191' title='bbox 591 2342 768 2406; x_wconf 90' lang='lat' dir='ltr'><strong>reliquorum</strong></span> <span class='ocrx_word' id='word_1_192' title='bbox 779 2357 892 2408; x_wconf 89' lang='lat' dir='ltr'><strong>quoque</strong></span> <span class='ocrx_word' id='word_1_193' title='bbox 908 2344 1069 2396; x_wconf 88' lang='lat' dir='ltr'><strong>absentium</strong></span> <span class='ocrx_word' id='word_1_194' title='bbox 1085 2343 1316 2410; x_wconf 87' lang='lat' dir='ltr'><strong>praelatorumet</strong></span> <span class='ocrx_word' id='word_1_195' title='bbox 1333 2347 1422 2399; x_wconf 80' lang='lat' dir='ltr'><strong>etism</strong></span> 
     </span>
     <span class='ocr_line' id='line_1_23' title="bbox 195 2424 1423 2493; baseline 0.004 -16"><span class='ocrx_word' id='word_1_196' title='bbox 195 2424 384 2491; x_wconf 87' lang='lat' dir='ltr'><strong>capitulorum</strong></span> <span class='ocrx_word' id='word_1_197' title='bbox 395 2428 426 2477; x_wconf 90' lang='lat' dir='ltr'><strong>et</strong></span> <span class='ocrx_word' id='word_1_198' title='bbox 435 2429 633 2487; x_wconf 86' lang='lat' dir='ltr'><strong>conventuum,</strong></span> <span class='ocrx_word' id='word_1_199' title='bbox 647 2424 832 2478; x_wconf 82' lang='lat' dir='ltr'><strong>ecclesiarum</strong></span> <span class='ocrx_word' id='word_1_200' title='bbox 849 2429 878 2479; x_wconf 88' lang='lat' dir='ltr'><strong>et</strong></span> <span class='ocrx_word' id='word_1_201' title='bbox 889 2427 1128 2479; x_wconf 87' lang='lat' dir='ltr'><strong>monasteriorum</strong></span> <span class='ocrx_word' id='word_1_202' title='bbox 1144 2428 1380 2493; x_wconf 80' lang='lat' dir='ltr'><strong>procuratoribus</strong></span> <span class='ocrx_word' id='word_1_203' title='bbox 1390 2431 1423 2482; x_wconf 89' lang='lat' dir='ltr'><strong>in</strong></span> 
     </span>
     <span class='ocr_line' id='line_1_24' title="bbox 195 2507 1423 2573; baseline 0.007 -15"><span class='ocrx_word' id='word_1_204' title='bbox 195 2507 271 2559; x_wconf 89' lang='lat' dir='ltr'><strong>dicto</strong></span> <span class='ocrx_word' id='word_1_205' title='bbox 297 2508 418 2560; x_wconf 91' lang='lat' dir='ltr'><strong>concilio</strong></span> <span class='ocrx_word' id='word_1_206' title='bbox 444 2509 615 2570; x_wconf 90' lang='lat' dir='ltr'><strong>constitutis,</strong></span> <span class='ocrx_word' id='word_1_207' title='bbox 641 2508 791 2560; x_wconf 91' lang='lat' dir='ltr'><strong>habuimus</strong></span> <span class='ocrx_word' id='word_1_208' title='bbox 814 2510 911 2572; x_wconf 86' lang='lat' dir='ltr'><strong>ardua,</strong></span> <span class='ocrx_word' id='word_1_209' title='bbox 932 2523 1046 2562; x_wconf 90' lang='lat' dir='ltr'><strong>morosa</strong></span> <span class='ocrx_word' id='word_1_210' title='bbox 1073 2509 1231 2573; x_wconf 83' lang='lat' dir='ltr'><strong>etdirersa</strong></span> <span class='ocrx_word' id='word_1_211' title='bbox 1246 2510 1373 2565; x_wconf 68' lang='lat' dir='ltr'><strong>conmlis</strong></span> <span class='ocrx_word' id='word_1_212' title='bbox 1393 2515 1423 2565; x_wconf 88' lang='lat' dir='ltr'><strong>et</strong></span> 
     </span>
     <span class='ocr_line' id='line_1_25' title="bbox 194 2590 1423 2658; baseline 0.003 -16"><span class='ocrx_word' id='word_1_213' title='bbox 194 2592 340 2653; x_wconf 71' lang='lat' dir='ltr'><strong>trmtatus,</strong></span> <span class='ocrx_word' id='word_1_214' title='bbox 361 2592 392 2642; x_wconf 88' lang='lat' dir='ltr'><strong>ut</strong></span> <span class='ocrx_word' id='word_1_215' title='bbox 403 2603 456 2656; x_wconf 90' lang='lat' dir='ltr'><strong>per</strong></span> <span class='ocrx_word' id='word_1_216' title='bbox 466 2590 627 2655; x_wconf 74' lang='lat' dir='ltr'><strong>huiusmodi</strong></span> <span class='ocrx_word' id='word_1_217' title='bbox 640 2590 826 2643; x_wconf 91' lang='lat' dir='ltr'><strong>conciliorum</strong></span> <span class='ocrx_word' id='word_1_218' title='bbox 844 2595 874 2645; x_wconf 90' lang='lat' dir='ltr'><strong>et</strong></span> <span class='ocrx_word' id='word_1_219' title='bbox 890 2595 1062 2645; x_wconf 85' lang='lat' dir='ltr'><strong>tractatuum</strong></span> <span class='ocrx_word' id='word_1_220' title='bbox 1085 2591 1322 2646; x_wconf 89' lang='lat' dir='ltr'><strong>deliberationem</strong></span> <span class='ocrx_word' id='word_1_221' title='bbox 1339 2607 1423 2658; x_wconf 85' lang='lat' dir='ltr'><strong>prae·</strong></span> 
     </span>
     <span class='ocr_line' id='line_1_26' title="bbox 193 2672 1423 2739; baseline 0 -13"><span class='ocrx_word' id='word_1_222' title='bbox 193 2672 320 2726; x_wconf 87' lang='lat' dir='ltr'><strong>habitam</strong></span> <span class='ocrx_word' id='word_1_223' title='bbox 331 2673 507 2739; x_wconf 87' lang='lat' dir='ltr'><strong>diligentem,</strong></span> <span class='ocrx_word' id='word_1_224' title='bbox 526 2674 667 2726; x_wconf 88' lang='lat' dir='ltr'><strong>dictorum</strong></span> <span class='ocrx_word' id='word_1_225' title='bbox 687 2675 825 2726; x_wconf 91' lang='lat' dir='ltr'><strong>bonorum</strong></span> <span class='ocrx_word' id='word_1_226' title='bbox 849 2676 990 2728; x_wconf 90' lang='lat' dir='ltr'><strong>ordinatio</strong></span> <span class='ocrx_word' id='word_1_227' title='bbox 1007 2677 1037 2727; x_wconf 88' lang='lat' dir='ltr'><strong>et</strong></span> <span class='ocrx_word' id='word_1_228' title='bbox 1054 2675 1212 2739; x_wconf 88' lang='lat' dir='ltr'><strong>dispositio,</strong></span> <span class='ocrx_word' id='word_1_229' title='bbox 1230 2674 1267 2726; x_wconf 87' lang='lat' dir='ltr'><strong>ad</strong></span> <span class='ocrx_word' id='word_1_230' title='bbox 1280 2673 1423 2726; x_wconf 78' lang='lat' dir='ltr'><strong>honorem</strong></span> 
     </span>
     <span class='ocr_line' id='line_1_27' title="bbox 194 2754 1423 2823; baseline 0.002 -16"><span class='ocrx_word' id='word_1_231' title='bbox 194 2756 257 2820; x_wconf 90' lang='lat' dir='ltr'><strong>Dei,</strong></span> <span class='ocrx_word' id='word_1_232' title='bbox 267 2759 451 2823; x_wconf 87' lang='lat' dir='ltr'><strong>augmentum</strong></span> <span class='ocrx_word' id='word_1_233' title='bbox 460 2757 536 2819; x_wconf 85' lang='lat' dir='ltr'><strong>fidei,</strong></span> <span class='ocrx_word' id='word_1_234' title='bbox 547 2755 748 2808; x_wconf 85' lang='lat' dir='ltr'><strong>exaltationem</strong></span> <span class='ocrx_word' id='word_1_235' title='bbox 756 2756 904 2820; x_wconf 90' lang='lat' dir='ltr'><strong>ecclesiae,</strong></span> <span class='ocrx_word' id='word_1_236' title='bbox 915 2759 1008 2809; x_wconf 87' lang='lat' dir='ltr'><strong>dictae</strong></span> <span class='ocrx_word' id='word_1_237' title='bbox 1018 2760 1113 2809; x_wconf 86' lang='lat' dir='ltr'><strong>terrae</strong></span> <span class='ocrx_word' id='word_1_238' title='bbox 1122 2756 1290 2818; x_wconf 90' lang='lat' dir='ltr'><strong>subsidium,</strong></span> <span class='ocrx_word' id='word_1_239' title='bbox 1297 2754 1423 2809; x_wconf 87' lang='lat' dir='ltr'><strong>salutem</strong></span> 
     </span>
     <span class='ocr_line' id='line_1_28' title="bbox 193 2838 1422 2906; baseline 0 -15"><span class='ocrx_word' id='word_1_240' title='bbox 193 2853 305 2904; x_wconf 89' lang='lat' dir='ltr'><strong>quoque</strong></span> <span class='ocrx_word' id='word_1_241' title='bbox 327 2839 454 2891; x_wconf 84' lang='lat' dir='ltr'><strong>fidelium</strong></span> <span class='ocrx_word' id='word_1_242' title='bbox 482 2842 511 2890; x_wconf 90' lang='lat' dir='ltr'><strong>et</strong></span> <span class='ocrx_word' id='word_1_243' title='bbox 528 2840 663 2903; x_wconf 90' lang='lat' dir='ltr'><strong>quietem,</strong></span> <span class='ocrx_word' id='word_1_244' title='bbox 684 2838 807 2891; x_wconf 90' lang='lat' dir='ltr'><strong>salubris</strong></span> <span class='ocrx_word' id='word_1_245' title='bbox 825 2843 854 2891; x_wconf 90' lang='lat' dir='ltr'><strong>et</strong></span> <span class='ocrx_word' id='word_1_246' title='bbox 871 2839 950 2891; x_wconf 91' lang='lat' dir='ltr'><strong>utilis</strong></span> <span class='ocrx_word' id='word_1_247' title='bbox 969 2841 1141 2906; x_wconf 82' lang='lat' dir='ltr'><strong>perveniret</strong></span> <span class='ocrx_word' id='word_1_248' title='bbox 1165 2839 1293 2904; x_wconf 86' lang='lat' dir='ltr'><strong>Postque</strong></span> <span class='ocrx_word' id='word_1_249' title='bbox 1317 2840 1422 2905; x_wconf 90' lang='lat' dir='ltr'><strong>utique</strong></span> 
     </span>
     <span class='ocr_line' id='line_1_29' title="bbox 192 2920 1422 2987; baseline 0.002 -17"><span class='ocrx_word' id='word_1_250' title='bbox 192 2920 287 2987; x_wconf 92' lang='lat' dir='ltr'><strong>longa,</strong></span> <span class='ocrx_word' id='word_1_251' title='bbox 305 2922 519 2986; x_wconf 87' lang='lat' dir='ltr'><strong>praemeditata,</strong></span> <span class='ocrx_word' id='word_1_252' title='bbox 537 2922 650 2986; x_wconf 89' lang='lat' dir='ltr'><strong>provisa</strong></span> <span class='ocrx_word' id='word_1_253' title='bbox 667 2923 696 2973; x_wconf 91' lang='lat' dir='ltr'><strong>et</strong></span> <span class='ocrx_word' id='word_1_254' title='bbox 715 2926 828 2973; x_wconf 89' lang='lat' dir='ltr'><strong>matura</strong></span> <span class='ocrx_word' id='word_1_255' title='bbox 844 2921 974 2984; x_wconf 91' lang='lat' dir='ltr'><strong>concilia,</strong></span> <span class='ocrx_word' id='word_1_256' title='bbox 994 2922 1178 2973; x_wconf 88' lang='lat' dir='ltr'><strong>suadentibus</strong></span> <span class='ocrx_word' id='word_1_257' title='bbox 1189 2920 1323 2986; x_wconf 85' lang='lat' dir='ltr'><strong>plurimis</strong></span> <span class='ocrx_word' id='word_1_258' title='bbox 1333 2921 1422 2986; x_wconf 84' lang='lat' dir='ltr'><strong>justis</strong></span> 
     </span>
     <span class='ocr_line' id='line_1_30' title="bbox 191 3003 1421 3070; baseline -0.001 -14"><span class='ocrx_word' id='word_1_259' title='bbox 191 3006 293 3066; x_wconf 92' lang='lat' dir='ltr'><strong>causis,</strong></span> <span class='ocrx_word' id='word_1_260' title='bbox 307 3008 404 3056; x_wconf 88' lang='lat' dir='ltr'><strong>nostra</strong></span> <span class='ocrx_word' id='word_1_261' title='bbox 413 3007 442 3055; x_wconf 93' lang='lat' dir='ltr'><strong>et</strong></span> <span class='ocrx_word' id='word_1_262' title='bbox 450 3003 591 3054; x_wconf 88' lang='lat' dir='ltr'><strong>dictorum</strong></span> <span class='ocrx_word' id='word_1_263' title='bbox 602 3006 733 3065; x_wconf 84' lang='lat' dir='ltr'><strong>iratrum,</strong></span> <span class='ocrx_word' id='word_1_264' title='bbox 747 3018 856 3056; x_wconf 90' lang='lat' dir='ltr'><strong>necnon</strong></span> <span class='ocrx_word' id='word_1_265' title='bbox 868 3004 1105 3070; x_wconf 87' lang='lat' dir='ltr'><strong>patriarcharum,</strong></span> <span class='ocrx_word' id='word_1_266' title='bbox 1125 3003 1421 3068; x_wconf 88' lang='lat' dir='ltr'><strong>archiepiscoporum,</strong></span> 
     </span>
     <span class='ocr_line' id='line_1_31' title="bbox 192 3085 1423 3153; baseline -0.002 -12"><span class='ocrx_word' id='word_1_267' title='bbox 192 3090 389 3153; x_wconf 88' lang='lat' dir='ltr'><strong>episcoporum</strong></span> <span class='ocrx_word' id='word_1_268' title='bbox 402 3089 431 3138; x_wconf 86' lang='lat' dir='ltr'><strong>et</strong></span> <span class='ocrx_word' id='word_1_269' title='bbox 439 3085 559 3138; x_wconf 91' lang='lat' dir='ltr'><strong>aliorum</strong></span> <span class='ocrx_word' id='word_1_270' title='bbox 568 3086 761 3152; x_wconf 87' lang='lat' dir='ltr'><strong>praelatorum</strong></span> <span class='ocrx_word' id='word_1_271' title='bbox 771 3101 803 3138; x_wconf 93' lang='lat' dir='ltr'><strong>ac</strong></span> <span class='ocrx_word' id='word_1_272' title='bbox 815 3087 1016 3139; x_wconf 88' lang='lat' dir='ltr'><strong>excellentium</strong></span> <span class='ocrx_word' id='word_1_273' title='bbox 1028 3091 1057 3138; x_wconf 93' lang='lat' dir='ltr'><strong>et</strong></span> <span class='ocrx_word' id='word_1_274' title='bbox 1066 3085 1221 3137; x_wconf 90' lang='lat' dir='ltr'><strong>illustrium</strong></span> <span class='ocrx_word' id='word_1_275' title='bbox 1229 3098 1423 3151; x_wconf 86' lang='lat' dir='ltr'><strong>personarum</strong></span> 
     </span>
     <span class='ocr_line' id='line_1_32' title="bbox 190 3166 1421 3235; baseline -0.002 -13"><span class='ocrx_word' id='word_1_276' title='bbox 190 3172 400 3235; x_wconf 87' lang='lat' dir='ltr'><strong>praedictorum</strong></span> <span class='ocrx_word' id='word_1_277' title='bbox 412 3171 442 3220; x_wconf 92' lang='lat' dir='ltr'><strong>in</strong></span> <span class='ocrx_word' id='word_1_278' title='bbox 454 3170 530 3220; x_wconf 90' lang='lat' dir='ltr'><strong>dicto</strong></span> <span class='ocrx_word' id='word_1_279' title='bbox 542 3169 663 3220; x_wconf 89' lang='lat' dir='ltr'><strong>concilio</strong></span> <span class='ocrx_word' id='word_1_280' title='bbox 685 3172 752 3221; x_wconf 91' lang='lat' dir='ltr'><strong>tunc</strong></span> <span class='ocrx_word' id='word_1_281' title='bbox 768 3171 963 3235; x_wconf 88' lang='lat' dir='ltr'><strong>praesentium</strong></span> <span class='ocrx_word' id='word_1_282' title='bbox 977 3168 1198 3222; x_wconf 87' lang='lat' dir='ltr'><strong>deliberationes</strong></span> <span class='ocrx_word' id='word_1_283' title='bbox 1209 3169 1239 3220; x_wconf 91' lang='lat' dir='ltr'><strong>et</strong></span> <span class='ocrx_word' id='word_1_284' title='bbox 1252 3166 1379 3220; x_wconf 87' lang='lat' dir='ltr'><strong>concilia</strong></span> <span class='ocrx_word' id='word_1_285' title='bbox 1389 3169 1421 3219; x_wconf 92' lang='lat' dir='ltr'><strong>in</strong></span> 
     </span>
     <span class='ocr_line' id='line_1_33' title="bbox 191 3248 1421 3317; baseline -0.002 -13"><span class='ocrx_word' id='word_1_286' title='bbox 191 3253 245 3305; x_wconf 90' lang='lat' dir='ltr'><strong>hoc</strong></span> <span class='ocrx_word' id='word_1_287' title='bbox 254 3252 561 3313; x_wconf 85' lang='lat' dir='ltr'><strong>finaliterresederent,</strong></span> <span class='ocrx_word' id='word_1_288' title='bbox 571 3255 603 3303; x_wconf 90' lang='lat' dir='ltr'><strong>ut</strong></span> <span class='ocrx_word' id='word_1_289' title='bbox 613 3252 760 3317; x_wconf 86' lang='lat' dir='ltr'><strong>praedicta</strong></span> <span class='ocrx_word' id='word_1_290' title='bbox 777 3253 852 3305; x_wconf 88' lang='lat' dir='ltr'><strong>bona</strong></span> <span class='ocrx_word' id='word_1_291' title='bbox 863 3253 957 3304; x_wconf 91' lang='lat' dir='ltr'><strong>ordini</strong></span> <span class='ocrx_word' id='word_1_292' title='bbox 976 3250 1132 3317; x_wconf 85' lang='lat' dir='ltr'><strong>Hospitalis</strong></span> <span class='ocrx_word' id='word_1_293' title='bbox 1141 3250 1169 3302; x_wconf 88' lang='lat' dir='ltr'><strong>S.</strong></span> <span class='ocrx_word' id='word_1_294' title='bbox 1180 3249 1302 3303; x_wconf 77' lang='lat' dir='ltr'><strong>ioannis</strong></span> <span class='ocrx_word' id='word_1_295' title='bbox 1320 3248 1421 3302; x_wconf 86' lang='lat' dir='ltr'><strong>Hiero·</strong></span> 
     </span>
     <span class='ocr_line' id='line_1_34' title="bbox 190 3332 1422 3401; baseline -0.001 -14"><span class='ocrx_word' id='word_1_296' title='bbox 190 3335 352 3401; x_wconf 83' lang='lat' dir='ltr'><strong>solymitani</strong></span> <span class='ocrx_word' id='word_1_297' title='bbox 362 3337 391 3387; x_wconf 91' lang='lat' dir='ltr'><strong>et</strong></span> <span class='ocrx_word' id='word_1_298' title='bbox 402 3336 456 3401; x_wconf 88' lang='lat' dir='ltr'><strong>ipsi</strong></span> <span class='ocrx_word' id='word_1_299' title='bbox 475 3333 627 3400; x_wconf 88' lang='lat' dir='ltr'><strong>Hospitali,</strong></span> <span class='ocrx_word' id='word_1_300' title='bbox 640 3348 673 3386; x_wconf 86' lang='lat' dir='ltr'><strong>ac</strong></span> <span class='ocrx_word' id='word_1_301' title='bbox 690 3333 803 3387; x_wconf 90' lang='lat' dir='ltr'><strong>dilectis</strong></span> <span class='ocrx_word' id='word_1_302' title='bbox 822 3334 890 3387; x_wconf 89' lang='lat' dir='ltr'><strong>liliis</strong></span> <span class='ocrx_word' id='word_1_303' title='bbox 902 3336 1039 3401; x_wconf 88' lang='lat' dir='ltr'><strong>magistro</strong></span> <span class='ocrx_word' id='word_1_304' title='bbox 1057 3336 1087 3386; x_wconf 89' lang='lat' dir='ltr'><strong>et</strong></span> <span class='ocrx_word' id='word_1_305' title='bbox 1102 3333 1240 3385; x_wconf 83' lang='lat' dir='ltr'><strong>iratribus</strong></span> <span class='ocrx_word' id='word_1_306' title='bbox 1257 3332 1422 3399; x_wconf 79' lang='lat' dir='ltr'><strong>Hospitalis</strong></span> 
     </span>
     <span class='ocr_line' id='line_1_35' title="bbox 190 3415 1421 3483; baseline 0 -13"><span class='ocrx_word' id='word_1_307' title='bbox 190 3419 327 3483; x_wconf 85' lang='lat' dir='ltr'><strong>ejusdem,</strong></span> <span class='ocrx_word' id='word_1_308' title='bbox 352 3419 466 3469; x_wconf 91' lang='lat' dir='ltr'><strong>nomine</strong></span> <span class='ocrx_word' id='word_1_309' title='bbox 487 3416 642 3482; x_wconf 88' lang='lat' dir='ltr'><strong>Hospitalis</strong></span> <span class='ocrx_word' id='word_1_310' title='bbox 662 3420 692 3470; x_wconf 91' lang='lat' dir='ltr'><strong>et</strong></span> <span class='ocrx_word' id='word_1_311' title='bbox 717 3418 826 3470; x_wconf 90' lang='lat' dir='ltr'><strong>ordinis</strong></span> <span class='ocrx_word' id='word_1_312' title='bbox 847 3418 1021 3480; x_wconf 90' lang='lat' dir='ltr'><strong>eorumdem,</strong></span> <span class='ocrx_word' id='word_1_313' title='bbox 1045 3417 1095 3481; x_wconf 92' lang='lat' dir='ltr'><strong>qui</strong></span> <span class='ocrx_word' id='word_1_314' title='bbox 1114 3418 1259 3481; x_wconf 83' lang='lat' dir='ltr'><strong>tamquam</strong></span> <span class='ocrx_word' id='word_1_315' title='bbox 1290 3415 1421 3470; x_wconf 81' lang='lat' dir='ltr'><strong>athletae</strong></span> 
     </span>
     <span class='ocr_line' id='line_1_36' title="bbox 190 3500 1422 3567; baseline -0.001 -15"><span class='ocrx_word' id='word_1_316' title='bbox 190 3501 304 3552; x_wconf 89' lang='lat' dir='ltr'><strong>Domini</strong></span> <span class='ocrx_word' id='word_1_317' title='bbox 316 3514 369 3566; x_wconf 89' lang='lat' dir='ltr'><strong>pro</strong></span> <span class='ocrx_word' id='word_1_318' title='bbox 380 3500 545 3552; x_wconf 78' lang='lat' dir='ltr'><strong>defensione</strong></span> <span class='ocrx_word' id='word_1_319' title='bbox 558 3501 624 3552; x_wconf 83' lang='lat' dir='ltr'><strong>fidei</strong></span> <span class='ocrx_word' id='word_1_320' title='bbox 648 3514 679 3552; x_wconf 92' lang='lat' dir='ltr'><strong>se</strong></span> <span class='ocrx_word' id='word_1_321' title='bbox 700 3500 837 3566; x_wconf 89' lang='lat' dir='ltr'><strong>periculis</strong></span> <span class='ocrx_word' id='word_1_322' title='bbox 853 3502 954 3552; x_wconf 89' lang='lat' dir='ltr'><strong>mortis</strong></span> <span class='ocrx_word' id='word_1_323' title='bbox 964 3500 1074 3567; x_wconf 72' lang='lat' dir='ltr'><strong>iugiter</strong></span> <span class='ocrx_word' id='word_1_324' title='bbox 1090 3500 1274 3565; x_wconf 86' lang='lat' dir='ltr'><strong>exponentes,</strong></span> <span class='ocrx_word' id='word_1_325' title='bbox 1295 3511 1422 3551; x_wconf 82' lang='lat' dir='ltr'><strong>onerosa</strong></span> 
     </span>
     <span class='ocr_line' id='line_1_37' title="bbox 189 3580 1420 3650; baseline -0.001 -16"><span class='ocrx_word' id='word_1_326' title='bbox 189 3584 274 3635; x_wconf 87' lang='lat' dir='ltr'><strong>nimis</strong></span> <span class='ocrx_word' id='word_1_327' title='bbox 285 3586 315 3636; x_wconf 91' lang='lat' dir='ltr'><strong>et</strong></span> <span class='ocrx_word' id='word_1_328' title='bbox 324 3582 486 3649; x_wconf 88' lang='lat' dir='ltr'><strong>periculosa</strong></span> <span class='ocrx_word' id='word_1_329' title='bbox 501 3583 649 3648; x_wconf 89' lang='lat' dir='ltr'><strong>dispendia</strong></span> <span class='ocrx_word' id='word_1_330' title='bbox 665 3584 800 3637; x_wconf 87' lang='lat' dir='ltr'><strong>continue</strong></span> <span class='ocrx_word' id='word_1_331' title='bbox 811 3585 961 3650; x_wconf 86' lang='lat' dir='ltr'><strong>perierunt</strong></span> <span class='ocrx_word' id='word_1_332' title='bbox 977 3584 1007 3634; x_wconf 93' lang='lat' dir='ltr'><strong>in</strong></span> <span class='ocrx_word' id='word_1_333' title='bbox 1019 3582 1149 3649; x_wconf 86' lang='lat' dir='ltr'><strong>partibus</strong></span> <span class='ocrx_word' id='word_1_334' title='bbox 1161 3580 1375 3646; x_wconf 69' lang='lat' dir='ltr'><strong>manummnis,</strong></span> <span class='ocrx_word' id='word_1_335' title='bbox 1388 3582 1420 3633; x_wconf 91' lang='lat' dir='ltr'><strong>iu</strong></span> 
     </span>
     <span class='ocr_line' id='line_1_38' title="bbox 189 3667 1199 3733; baseline 0.001 -15"><span class='ocrx_word' id='word_1_336' title='bbox 189 3669 358 3733; x_wconf 87' lang='lat' dir='ltr'><strong>perpetuum</strong></span> <span class='ocrx_word' id='word_1_337' title='bbox 367 3667 528 3718; x_wconf 89' lang='lat' dir='ltr'><strong>unirentur.</strong></span> <span class='ocrx_word' id='word_1_338' title='bbox 1197 3702 1199 3706; x_wconf 83' lang='lat'><em>.</em></span> 
     </span>
    </p>

    <p class='ocr_par' dir='ltr' id='par_1_4' title="bbox 181 3744 1418 4643">
     <span class='ocr_line' id='line_1_39' title="bbox 221 3744 1417 3814; baseline -0.003 -13"><span class='ocrx_word' id='word_1_339' title='bbox 221 3750 279 3801; x_wconf 93' lang='lat' dir='ltr'><strong>Nos</strong></span> <span class='ocrx_word' id='word_1_340' title='bbox 288 3749 379 3814; x_wconf 88' lang='lat' dir='ltr'><strong>igitur</strong></span> <span class='ocrx_word' id='word_1_341' title='bbox 391 3749 466 3800; x_wconf 90' lang='lat' dir='ltr'><strong>inter</strong></span> <span class='ocrx_word' id='word_1_342' title='bbox 477 3750 590 3799; x_wconf 88' lang='lat' dir='ltr'><strong>caetera</strong></span> <span class='ocrx_word' id='word_1_343' title='bbox 601 3749 698 3799; x_wconf 89' lang='lat' dir='ltr'><strong>mundi</strong></span> <span class='ocrx_word' id='word_1_344' title='bbox 711 3747 783 3811; x_wconf 90' lang='lat' dir='ltr'><strong>loca,</strong></span> <span class='ocrx_word' id='word_1_345' title='bbox 796 3750 826 3800; x_wconf 92' lang='lat' dir='ltr'><strong>in</strong></span> <span class='ocrx_word' id='word_1_346' title='bbox 838 3749 940 3814; x_wconf 91' lang='lat' dir='ltr'><strong>quibus</strong></span> <span class='ocrx_word' id='word_1_347' title='bbox 952 3748 1052 3814; x_wconf 86' lang='lat' dir='ltr'><strong>vigere</strong></span> <span class='ocrx_word' id='word_1_348' title='bbox 1064 3745 1242 3813; x_wconf 87' lang='lat' dir='ltr'><strong>dignoscitur</strong></span> <span class='ocrx_word' id='word_1_349' title='bbox 1259 3744 1417 3798; x_wconf 80' lang='lat' dir='ltr'><strong>observan-</strong></span> 
     </span>
     <span class='ocr_line' id='line_1_40' title="bbox 188 3828 1417 3897; baseline -0.001 -15"><span class='ocrx_word' id='word_1_350' title='bbox 188 3833 229 3883; x_wconf 87' lang='lat' dir='ltr'><strong>tia</strong></span> <span class='ocrx_word' id='word_1_351' title='bbox 240 3831 392 3897; x_wconf 87' lang='lat' dir='ltr'><strong>regularis,</strong></span> <span class='ocrx_word' id='word_1_352' title='bbox 406 3832 513 3882; x_wconf 90' lang='lat' dir='ltr'><strong>dictum</strong></span> <span class='ocrx_word' id='word_1_353' title='bbox 525 3830 653 3882; x_wconf 89' lang='lat' dir='ltr'><strong>ordinem</strong></span> <span class='ocrx_word' id='word_1_354' title='bbox 663 3831 820 3896; x_wconf 88' lang='lat' dir='ltr'><strong>Hospitalis</strong></span> <span class='ocrx_word' id='word_1_355' title='bbox 832 3834 861 3883; x_wconf 89' lang='lat' dir='ltr'><strong>et</strong></span> <span class='ocrx_word' id='word_1_356' title='bbox 872 3833 965 3896; x_wconf 90' lang='lat' dir='ltr'><strong>ipsum</strong></span> <span class='ocrx_word' id='word_1_357' title='bbox 978 3828 1126 3895; x_wconf 88' lang='lat' dir='ltr'><strong>Hospitale</strong></span> <span class='ocrx_word' id='word_1_358' title='bbox 1145 3828 1274 3880; x_wconf 82' lang='lat' dir='ltr'><strong>sincerae</strong></span> <span class='ocrx_word' id='word_1_359' title='bbox 1284 3828 1417 3881; x_wconf 85' lang='lat' dir='ltr'><strong>caritatis</strong></span> 
     </span>
     <span class='ocr_line' id='line_1_41' title="bbox 187 3910 1417 3980; baseline 0 -16"><span class='ocrx_word' id='word_1_360' title='bbox 187 3913 365 3980; x_wconf 91' lang='lat' dir='ltr'><strong>plenitudine</strong></span> <span class='ocrx_word' id='word_1_361' title='bbox 386 3915 599 3978; x_wconf 88' lang='lat' dir='ltr'><strong>prosequentes,</strong></span> <span class='ocrx_word' id='word_1_362' title='bbox 623 3927 655 3965; x_wconf 90' lang='lat' dir='ltr'><strong>ac</strong></span> <span class='ocrx_word' id='word_1_363' title='bbox 678 3915 856 3966; x_wconf 88' lang='lat' dir='ltr'><strong>attendentes</strong></span> <span class='ocrx_word' id='word_1_364' title='bbox 876 3914 960 3978; x_wconf 91' lang='lat' dir='ltr'><strong>quod,</strong></span> <span class='ocrx_word' id='word_1_365' title='bbox 982 3913 1056 3964; x_wconf 93' lang='lat' dir='ltr'><strong>sicut</strong></span> <span class='ocrx_word' id='word_1_366' title='bbox 1072 3910 1216 3964; x_wconf 87' lang='lat' dir='ltr'><strong>evidentia</strong></span> <span class='ocrx_word' id='word_1_367' title='bbox 1234 3910 1305 3962; x_wconf 81' lang='lat' dir='ltr'><strong>iacti</strong></span> <span class='ocrx_word' id='word_1_368' title='bbox 1327 3910 1361 3962; x_wconf 90' lang='lat' dir='ltr'><strong>in</strong></span> <span class='ocrx_word' id='word_1_369' title='bbox 1382 3924 1417 3964; x_wconf 90' lang='lat' dir='ltr'><strong>eo</strong></span> 
     </span>
     <span class='ocr_line' id='line_1_42' title="bbox 187 3991 1418 4061; baseline -0.003 -13"><span class='ocrx_word' id='word_1_370' title='bbox 187 3998 290 4048; x_wconf 84' lang='lat' dir='ltr'><strong>divinis</strong></span> <span class='ocrx_word' id='word_1_371' title='bbox 302 3996 447 4060; x_wconf 90' lang='lat' dir='ltr'><strong>obsequiis</strong></span> <span class='ocrx_word' id='word_1_372' title='bbox 455 3997 600 4047; x_wconf 87' lang='lat' dir='ltr'><strong>lerventer</strong></span> <span class='ocrx_word' id='word_1_373' title='bbox 611 3997 761 4058; x_wconf 88' lang='lat' dir='ltr'><strong>insistitur,</strong></span> <span class='ocrx_word' id='word_1_374' title='bbox 775 3997 890 4061; x_wconf 88' lang='lat' dir='ltr'><strong>pietatis</strong></span> <span class='ocrx_word' id='word_1_375' title='bbox 902 3998 931 4047; x_wconf 91' lang='lat' dir='ltr'><strong>et</strong></span> <span class='ocrx_word' id='word_1_376' title='bbox 942 3994 1155 4047; x_wconf 85' lang='lat' dir='ltr'><strong>misericordiae</strong></span> <span class='ocrx_word' id='word_1_377' title='bbox 1168 4005 1256 4058; x_wconf 90' lang='lat' dir='ltr'><strong>opera</strong></span> <span class='ocrx_word' id='word_1_378' title='bbox 1266 3991 1418 4059; x_wconf 82' lang='lat' dir='ltr'><strong>vigilanti·</strong></span> 
     </span>
     <span class='ocr_line' id='line_1_43' title="bbox 187 4073 1416 4144; baseline -0.003 -13"><span class='ocrx_word' id='word_1_379' title='bbox 187 4080 239 4131; x_wconf 89' lang='lat' dir='ltr'><strong>bus</strong></span> <span class='ocrx_word' id='word_1_380' title='bbox 251 4079 352 4130; x_wconf 89' lang='lat' dir='ltr'><strong>studiis</strong></span> <span class='ocrx_word' id='word_1_381' title='bbox 364 4084 560 4140; x_wconf 90' lang='lat' dir='ltr'><strong>excercentur,</strong></span> <span class='ocrx_word' id='word_1_382' title='bbox 572 4079 676 4130; x_wconf 86' lang='lat' dir='ltr'><strong>iratres</strong></span> <span class='ocrx_word' id='word_1_383' title='bbox 688 4078 846 4144; x_wconf 89' lang='lat' dir='ltr'><strong>Hospitalis</strong></span> <span class='ocrx_word' id='word_1_384' title='bbox 858 4080 957 4144; x_wconf 88' lang='lat' dir='ltr'><strong>ipsius,</strong></span> <span class='ocrx_word' id='word_1_385' title='bbox 977 4077 1127 4130; x_wconf 89' lang='lat' dir='ltr'><strong>mundanis</strong></span> <span class='ocrx_word' id='word_1_386' title='bbox 1138 4076 1243 4142; x_wconf 88' lang='lat' dir='ltr'><strong>spretis</strong></span> <span class='ocrx_word' id='word_1_387' title='bbox 1254 4073 1416 4139; x_wconf 84' lang='lat' dir='ltr'><strong>illecebris,</strong></span> 
     </span>
     <span class='ocr_line' id='line_1_44' title="bbox 185 4157 1417 4227; baseline -0.003 -13"><span class='ocrx_word' id='word_1_388' title='bbox 185 4163 319 4215; x_wconf 87' lang='lat' dir='ltr'><strong>devotum</strong></span> <span class='ocrx_word' id='word_1_389' title='bbox 347 4160 542 4227; x_wconf 88' lang='lat' dir='ltr'><strong>impendentes</strong></span> <span class='ocrx_word' id='word_1_390' title='bbox 567 4160 713 4213; x_wconf 73' lang='lat' dir='ltr'><strong>altissimo</strong></span> <span class='ocrx_word' id='word_1_391' title='bbox 730 4161 907 4223; x_wconf 84' lang='lat' dir='ltr'><strong>lamulatum,</strong></span> <span class='ocrx_word' id='word_1_392' title='bbox 937 4175 970 4213; x_wconf 88' lang='lat' dir='ltr'><strong>ac</strong></span> <span class='ocrx_word' id='word_1_393' title='bbox 989 4174 1042 4227; x_wconf 94' lang='lat' dir='ltr'><strong>pro</strong></span> <span class='ocrx_word' id='word_1_394' title='bbox 1070 4159 1289 4224; x_wconf 89' lang='lat' dir='ltr'><strong>recuperatione</strong></span> <span class='ocrx_word' id='word_1_395' title='bbox 1316 4157 1417 4210; x_wconf 85' lang='lat' dir='ltr'><strong>terrae</strong></span> 
     </span>
     <span class='ocr_line' id='line_1_45' title="bbox 185 4231 1417 4311; baseline -0.004 -15"><span class='ocrx_word' id='word_1_396' title='bbox 185 4247 340 4311; x_wconf 84' lang='lat' dir='ltr'><strong>predictae,</strong></span> <span class='ocrx_word' id='word_1_397' title='bbox 353 4249 497 4306; x_wconf 87' lang='lat' dir='ltr'><strong>tamquam</strong></span> <span class='ocrx_word' id='word_1_398' title='bbox 514 4242 649 4307; x_wconf 90' lang='lat' dir='ltr'><strong>intrepidi</strong></span> <span class='ocrx_word' id='word_1_399' title='bbox 663 4242 768 4293; x_wconf 84' lang='lat' dir='ltr'><strong>Christi</strong></span> <span class='ocrx_word' id='word_1_400' title='bbox 781 4231 903 4308; x_wconf 80' lang='lat' dir='ltr'><strong>pugiles,</strong></span> <span class='ocrx_word' id='word_1_401' title='bbox 916 4241 1092 4294; x_wconf 80' lang='lat' dir='ltr'><strong>terrentibus</strong></span> <span class='ocrx_word' id='word_1_402' title='bbox 1104 4240 1206 4291; x_wconf 89' lang='lat' dir='ltr'><strong>studiis</strong></span> <span class='ocrx_word' id='word_1_403' title='bbox 1218 4237 1247 4290; x_wconf 88' lang='lat' dir='ltr'><strong>et</strong></span> <span class='ocrx_word' id='word_1_404' title='bbox 1258 4237 1417 4291; x_wconf 89' lang='lat' dir='ltr'><strong>desideriis</strong></span> 
     </span>
     <span class='ocr_line' id='line_1_46' title="bbox 184 4321 1415 4392; baseline -0.002 -14"><span class='ocrx_word' id='word_1_405' title='bbox 184 4329 373 4388; x_wconf 89' lang='lat' dir='ltr'><strong>intendentes,</strong></span> <span class='ocrx_word' id='word_1_406' title='bbox 383 4325 527 4392; x_wconf 90' lang='lat' dir='ltr'><strong>quaelibet</strong></span> <span class='ocrx_word' id='word_1_407' title='bbox 538 4327 644 4377; x_wconf 91' lang='lat' dir='ltr'><strong>ducunt</strong></span> <span class='ocrx_word' id='word_1_408' title='bbox 653 4325 777 4379; x_wconf 88' lang='lat' dir='ltr'><strong>humana</strong></span> <span class='ocrx_word' id='word_1_409' title='bbox 788 4322 917 4391; x_wconf 84' lang='lat' dir='ltr'><strong>periciila</strong></span> <span class='ocrx_word' id='word_1_410' title='bbox 927 4327 957 4377; x_wconf 91' lang='lat' dir='ltr'><strong>in</strong></span> <span class='ocrx_word' id='word_1_411' title='bbox 969 4325 1162 4390; x_wconf 90' lang='lat' dir='ltr'><strong>contemptum</strong></span> <span class='ocrx_word' id='word_1_412' title='bbox 1173 4339 1180 4387; x_wconf 93' lang='lat'>;</span> <span class='ocrx_word' id='word_1_413' title='bbox 1193 4321 1415 4375; x_wconf 74' lang='lat' dir='ltr'><strong>musiderantes</strong></span> 
     </span>
     <span class='ocr_line' id='line_1_47' title="bbox 184 4402 1417 4475; baseline -0.002 -14"><span class='ocrx_word' id='word_1_414' title='bbox 184 4424 295 4474; x_wconf 90' lang='lat' dir='ltr'><strong>quoque</strong></span> <span class='ocrx_word' id='word_1_415' title='bbox 305 4411 379 4474; x_wconf 93' lang='lat' dir='ltr'><strong>quod</strong></span> <span class='ocrx_word' id='word_1_416' title='bbox 391 4423 428 4462; x_wconf 89' lang='lat' dir='ltr'><strong>ex</strong></span> <span class='ocrx_word' id='word_1_417' title='bbox 440 4410 493 4461; x_wconf 93' lang='lat' dir='ltr'><strong>hoc</strong></span> <span class='ocrx_word' id='word_1_418' title='bbox 505 4411 583 4460; x_wconf 88' lang='lat' dir='ltr'><strong>tanto</strong></span> <span class='ocrx_word' id='word_1_419' title='bbox 596 4410 761 4461; x_wconf 91' lang='lat' dir='ltr'><strong>eorumdem</strong></span> <span class='ocrx_word' id='word_1_420' title='bbox 772 4408 902 4475; x_wconf 89' lang='lat' dir='ltr'><strong>magistri</strong></span> <span class='ocrx_word' id='word_1_421' title='bbox 914 4409 944 4461; x_wconf 89' lang='lat' dir='ltr'><strong>et</strong></span> <span class='ocrx_word' id='word_1_422' title='bbox 960 4409 1082 4460; x_wconf 74' lang='lat' dir='ltr'><strong>fratrum</strong></span> <span class='ocrx_word' id='word_1_423' title='bbox 1099 4406 1240 4458; x_wconf 88' lang='lat' dir='ltr'><strong>dictorum</strong></span> <span class='ocrx_word' id='word_1_424' title='bbox 1256 4402 1372 4457; x_wconf 81' lang='lat' dir='ltr'><strong>ordinis</strong></span> <span class='ocrx_word' id='word_1_425' title='bbox 1385 4407 1417 4458; x_wconf 87' lang='lat' dir='ltr'><strong>et</strong></span> 
     </span>
     <span class='ocr_line' id='line_1_48' title="bbox 183 4487 1417 4557; baseline -0.002 -13"><span class='ocrx_word' id='word_1_426' title='bbox 183 4491 340 4557; x_wconf 87' lang='lat' dir='ltr'><strong>Hospitalis</strong></span> <span class='ocrx_word' id='word_1_427' title='bbox 360 4496 468 4545; x_wconf 89' lang='lat' dir='ltr'><strong>crescet</strong></span> <span class='ocrx_word' id='word_1_428' title='bbox 488 4492 651 4554; x_wconf 89' lang='lat' dir='ltr'><strong>strenuitas,</strong></span> <span class='ocrx_word' id='word_1_429' title='bbox 669 4493 829 4545; x_wconf 88' lang='lat' dir='ltr'><strong>animorum</strong></span> <span class='ocrx_word' id='word_1_430' title='bbox 845 4493 942 4543; x_wconf 82' lang='lat' dir='ltr'><strong>terror</strong></span> <span class='ocrx_word' id='word_1_431' title='bbox 957 4491 1111 4557; x_wconf 88' lang='lat' dir='ltr'><strong>augebitur</strong></span> <span class='ocrx_word' id='word_1_432' title='bbox 1133 4489 1164 4540; x_wconf 90' lang='lat' dir='ltr'><strong>et</strong></span> <span class='ocrx_word' id='word_1_433' title='bbox 1182 4488 1314 4552; x_wconf 85' lang='lat' dir='ltr'><strong>ipsorum</strong></span> <span class='ocrx_word' id='word_1_434' title='bbox 1329 4487 1417 4541; x_wconf 85' lang='lat' dir='ltr'><strong>robo-</strong></span> 
     </span>
     <span class='ocr_line' id='line_1_49' title="bbox 181 4568 1417 4643; baseline -0.003 -14"><span class='ocrx_word' id='word_1_435' title='bbox 181 4577 294 4629; x_wconf 90' lang='lat' dir='ltr'><strong>rabitur</strong></span> <span class='ocrx_word' id='word_1_436' title='bbox 318 4576 455 4628; x_wconf 89' lang='lat' dir='ltr'><strong>lortitudo</strong></span> <span class='ocrx_word' id='word_1_437' title='bbox 483 4575 520 4627; x_wconf 89' lang='lat' dir='ltr'><strong>ad</strong></span> <span class='ocrx_word' id='word_1_438' title='bbox 544 4573 749 4641; x_wconf 83' lang='lat' dir='ltr'><strong>propulsandas</strong></span> <span class='ocrx_word' id='word_1_439' title='bbox 775 4574 866 4628; x_wconf 88' lang='lat' dir='ltr'><strong>nostri</strong></span> <span class='ocrx_word' id='word_1_440' title='bbox 893 4573 1096 4643; x_wconf 87' lang='lat' dir='ltr'><strong>Redemptoris</strong></span> <span class='ocrx_word' id='word_1_441' title='bbox 1119 4569 1240 4637; x_wconf 79' lang='lat' dir='ltr'><strong>injurias</strong></span> <span class='ocrx_word' id='word_1_442' title='bbox 1263 4568 1297 4623; x_wconf 81' lang='lat' dir='ltr'><strong>&#39;et</strong></span> <span class='ocrx_word' id='word_1_443' title='bbox 1313 4568 1417 4625; x_wconf 84' lang='lat' dir='ltr'><strong>hostes</strong></span> 
     </span>
    </p>
   </div>
   <div class='ocr_carea' id='block_1_3' title="bbox 0 0 1598 5340">
    <p class='ocr_par' dir='ltr' id='par_1_5' title="bbox 0 0 1598 5340">
     <span class='ocr_line' id='line_1_50' title="bbox 0 0 1598 5340; baseline 0 5"><span class='ocrx_word' id='word_1_444' title='bbox 0 0 1598 5340; x_wconf 95' lang='lat' dir='ltr'><strong> </strong></span> 
     </span>
    </p>
   </div>
  </div>
 </body>
</html>
