3256 5324
625 472 730 527 aribo
748 470 823 538 1422,
835 471 901 524 1423
1325 473 1373 528 tii

68 637 386 706 cimemspsctum
396 636 642 691 virumdominnm
651 635 1016 691 officialem‘i'ornaoensem
1027 638 1186 704 predictum
1195 638 1226 693 ot
1233 653 1373 696 corsmeo

81 723 307 790 agerentur
316 721 536 786 dicerenturque
547 722 578 773 et
588 721 700 783 tierent,
712 733 831 773 unacum
842 721 1047 786 prenominatis
1060 722 1179 775 testibus
1190 736 1308 789 presens
1320 725 1373 790 tui,

95 818 240 870 esque
247 805 291 857 sic
301 804 367 856 tieri
377 805 435 856 vidi
446 804 603 869 scauuini,
614 803 721 855 idcirce
738 802 793 854 hoc
804 817 921 869 presens
932 804 1077 869 pubiicum
1088 804 1310 860 instrumentum
1321 822 1372 862 seu

105 889 374 954 {assumptum
393 888 539 940 decretum
550 888 581 939 in
591 900 623 939 se
642 887 800 947 continens,
817 900 902 939 manu
923 887 1017 940 aliena
1037 886 1161 941 fideliter
1177 889 1324 955 scriptum,
1337 891 1373 943 rie

132 971 218 1022 «licii
237 970 347 1022 domini
369 967 499 1022 officialis
517 970 655 1023 mandato.
671 970 840 1030 coniectum,
860 970 944 1036 signo
955 983 1019 1023 meo
1036 968 1131 1032 solito,
1147 984 1266 1025 unacum
1283 972 1372 1040 sigilli

143 1053 224 1105 sedis
243 1052 435 1105 Tornacenais
454 1052 636 1117 appensione,
657 1052 803 1118 signisque
823 1053 853 1103 et
868 1052 1123 1118 subscriptionibus
1142 1053 1282 1107 dictorum
1295 1057 1373 1111 nois·

148 1135 258 1188 riorum
281 1134 427 1196 roborari,
454 1134 502 1186 hic
523 1147 569 1187 me
592 1148 677 1186 manu
700 1134 818 1199 propria
839 1134 1019 1187 subscribens
1041 1135 1071 1187 in
1091 1135 1176 1188 tidem
1197 1138 1227 1189 et
1251 1136 1372 1191 validius

148 1217 345 1269 testimonium
355 1216 482 1268 omnium
490 1216 521 1268 et
527 1215 705 1282 singulorum
714 1217 926 1281 premissorum,
936 1217 1099 1281 requisitus.

177 1298 216 1352 Bt
237 1299 373 1366 quiaego
393 1298 499 1364 symon
519 1296 640 1349 Brotelii
659 1297 695 1349 dc
712 1298 852 1361 Terraco,
864 1298 985 1351 clericus
1002 1299 1222 1364 cameracensis,
1242 1301 1372 1367 publicus

148 1380 306 1448 apostolica
316 1383 346 1435 et
353 1378 496 1446 imperiali
512 1379 728 1432 auctoritatibus
739 1380 769 1433 et
779 1382 859 1434 curie
876 1380 1045 1447 episcopalis
1062 1382 1250 1436 'iornacensis
1260 1385 1371 1450 juretus

148 1465 275 1518 notarius
292 1466 323 1518 et
339 1464 461 1525 auditor,
474 1464 510 1517 de
529 1462 612 1514 dictis
622 1461 728 1515 litteris
740 1463 928 1530 originalibus
944 1478 1031 1530 supra
1042 1465 1157 1519 insertis
1168 1479 1233 1519 eum
1245 1468 1370 1532 presenti

148 1548 340 1614 transsumpto
360 1546 422 1599 siue
441 1544 572 1610 exemplo
592 1559 657 1597 cum
673 1545 801 1611 prouidis
813 1547 881 1597 viris
898 1547 1016 1599 notariis
1036 1561 1122 1614 supra
1141 1549 1171 1601 et
1182 1549 1371 1616 inirasoriptis

149 1629 331 1684 collationem
349 1629 406 1682 ieci
417 1627 595 1695 diligentem,
614 1629 645 1680 et
663 1628 811 1693 vtramque
830 1629 1009 1694 scripturam,
1031 1629 1071 1682 nil
1083 1631 1179 1683 addito
1191 1630 1237 1684 uei
1249 1634 1370 1696 remoto,

150 1712 220 1777 qnod
231 1725 349 1766 sensum
368 1713 460 1764 mutet
479 1711 529 1763 aut
548 1711 640 1763 namet
658 1710 845 1773 intellectum,
857 1713 893 1765 de
912 1713 999 1764 verbo
1015 1713 1180 1766 adverbum
1197 1715 1370 1768 concordare

150 1794 254 1859 inueni,
266 1793 315 1846 iric
327 1807 375 1848 me
386 1793 541 1859 subscripsi
552 1795 583 1846 et
593 1794 707 1860 signum
723 1807 828 1856 meum,
843 1808 962 1847 vnacum
973 1795 1063 1861 signis
1075 1795 1105 1847 et
1115 1795 1369 1862 subscriptionibus

148 1877 287 1930 dictorum
298 1876 476 1929 notariorum
486 1889 520 1929 ac
537 1877 711 1941 appensione
721 1875 810 1943 sigilii
822 1877 897 1929 sedis
909 1877 1106 1940 Tornacensia,
1123 1878 1241 1944 apposui
1252 1893 1368 1933 consue·

146 1959 210 2022 tim,
220 1959 254 2011 in
263 1959 460 2012 testimonium
471 1959 601 2011 veritatis
612 1959 739 2024 ipsorum
750 1960 963 2024 premissorum,
976 1960 1139 2024 requisitus.
1240 1961 1337 2016 Srssou

168 2041 209 2095 Et
220 2055 279 2109 ego
291 2041 396 2095 Petrus
408 2042 525 2104 Bousin,
538 2041 659 2094 clericus
670 2042 868 2104 Tornaoensis,
880 2042 1009 2108 publicus
1021 2042 1177 2108 apostolica
1190 2044 1219 2097 et
1226 2044 1368 2110 imperiali

136 2124 362 2177 auctoritatibus
380 2125 515 2189 curisque
534 2123 703 2189 episcopalis
715 2124 903 2176 'bernacensis
921 2125 1033 2189 iuratus
1053 2126 1180 2179 noterius
1196 2128 1226 2180 et
1245 2126 1367 2190 auditor,

130 2206 205 2270 qnia
216 2207 298 2260 iacis
309 2220 363 2273 per
372 2220 419 2259 me
429 2220 495 2258 cum
507 2206 637 2258 discretis
648 2206 717 2258 viris
729 2207 847 2271 notarijs
856 2207 976 2272 publicis
988 2209 1188 2275 suprascriptis
1197 2209 1232 2262 de
1241 2209 1367 2275 presenti

129 2288 337 2355 manmumpto
362 2290 397 2342 ad
424 2287 535 2341 litteras
564 2288 719 2354 originales
747 2289 877 2354 superius
902 2290 1024 2342 insertas
1049 2290 1202 2345 collatione
1224 2290 1367 2359 diligenti,

120 2370 308 2425 huiusmodi
319 2371 542 2437 transsumptum
553 2385 617 2423 cum
634 2371 741 2424 eisdem
759 2370 863 2424 litteris
879 2373 909 2424 et
925 2372 1121 2426 instrumentis
1138 2373 1325 2441 originalibus
1336 2375 1366 2427 in

122 2455 276 2508 omnibus
292 2454 324 2507 et
338 2467 391 2520 per
407 2452 503 2505 omnia
515 2453 688 2505 concordare
699 2454 807 2516 inueni,
821 2455 860 2506 nii
870 2455 966 2507 addito
978 2455 1023 2508 rei
1031 2458 1152 2518 remoto,
1164 2457 1366 2524 premissisque

115 2537 275 2591 omnibus
283 2539 315 2590 et
322 2536 452 2603 singuiis,
463 2537 530 2588 dum
538 2537 623 2587 modo
633 2537 825 2602 suprascripto
834 2536 937 2590 tierent
945 2537 1164 2603 dicerenturque
1173 2542 1203 2592 et
1211 2541 1367 2608 agerentur

113 2634 189 2689 per
210 2618 406 2673 venerabilem
418 2620 448 2671 et
467 2619 805 2683 circumspectumvirum
823 2620 968 2671 dominum
985 2620 1136 2674 officialem
1156 2622 1365 2677 'iorneccnsem

112 2704 164 2758 et
179 2716 283 2755 coram
303 2715 338 2755 eo
355 2714 474 2754 mecum
485 2701 691 2766 prenominatis
703 2701 822 2754 testibus
833 2715 950 2767 presens
966 2703 1019 2767 iul,
1037 2716 1128 2768 eaque
1139 2704 1180 2756 sic
1191 2705 1255 2758 fieri
1266 2706 1324 2759 vidi
1336 2708 1367 2760 et

111 2785 267 2849 andiui3
291 2783 399 2837 idcirco
423 2782 479 2835 hoc
502 2779 622 2849 presens
648 2783 794 2848 pubiicum
818 2785 1038 2838 instrumentum
1063 2800 1113 2840 seu
1141 2787 1365 2854 transsumptum

114 2868 288 2921 decretum
307 2867 338 2919 in
358 2881 389 2920 se
409 2866 566 2929 continens,
589 2878 677 2917 manu
696 2865 791 2919 aliena
807 2866 931 2920 fideliter
947 2869 1094 2934 scriptum,
1115 2870 1151 2922 de
1169 2870 1238 2923 dicti
1257 2871 1364 2925 domini

116 2949 272 3003 otiimalis
283 2950 416 3002 mandato
428 2949 537 3002 conieci
555 2950 661 3001 etcum
680 2947 763 3000 dictis
781 2951 899 3002 notamis
916 2950 1037 3017 publicis
1053 2950 1208 3018 publicani,
1225 2953 1364 3021 signoque

118 3046 205 3089 neo
224 3031 321 3095 solito,
340 3046 460 3085 vnacum
479 3030 568 3099 sigilli
587 3031 664 3083 sedis
684 3031 873 3084 'tornacensis
892 3034 1075 3100 appensione,
1095 3035 1235 3103 signoque
1254 3038 1285 3089 et
1299 3036 1364 3089 sub·

123 3114 345 3181 scriptionibus
353 3115 494 3167 dictorum
503 3114 831 3176 notariorumroborsni,
841 3114 888 3167 hic
896 3130 942 3170 me
951 3118 1068 3183 propris
1075 3131 1161 3172 manu
1173 3118 1362 3181 subscribens,

128 3198 176 3254 in
197 3198 284 3251 iidem
307 3198 339 3250 et
361 3197 481 3250 validius
508 3197 703 3250 testimonium
736 3199 862 3250 omnium
893 3200 924 3251 et
955 3198 1133 3268 singulorum
1161 3201 1362 3268 premissorum

129 3279 305 3347 specialiter
319 3281 481 3345 requisitus.

176 3365 255 3417 inno
273 3363 387 3416 Domini
404 3362 556 3414 millesimo
574 3370 672 3414 cccc-⁹
687 3364 770 3429 xxije,
793 3364 840 3418 die
860 3365 917 3431 xxij
935 3365 1068 3433 segeti,
1088 3367 1164 3420 iacta
1182 3367 1262 3433 prius
1278 3366 1362 3421 celle·

133 3446 218 3500 {ione
229 3448 266 3499 (ie
277 3445 478 3512 suprascriptis
493 3446 690 3498 instrumentis
707 3447 912 3500 sententiarum
928 3450 959 3501 et
969 3447 1054 3502 bullis
1066 3448 1229 3516 apostolicis
1241 3451 1276 3503 sai
1288 3448 1361 3504 litte·

131 3541 187 3582 xes
198 3527 354 3597 originales
374 3528 460 3595 ipsas,
471 3529 507 3580 sd
519 3529 644 3581 inuicem
655 3529 829 3583 concordare
841 3529 1013 3595 inuenimus,
1025 3531 1065 3585 nil
1078 3531 1174 3586 addito
1186 3531 1231 3588 sei
1240 3535 1360 3598 remoto,

130 3613 214 3674 qnod
223 3624 338 3666 sensum
349 3610 479 3664 inmutet

472 3693 506 3747 Τ.
524 3693 656 3747 Ilemaire
672 3696 714 3760 (i).
732 3722 766 3736 -
781 3696 895 3763 (inrisy.

397 3815 746 3872 impedesecorum
756 3835 809 3874 van
819 3821 956 3887 beorum
965 3821 1124 3877 caream
1134 3822 1170 3886 11,
1179 3823 1229 3877 oi.
1239 3808 1357 3890 noem

430 3899 636 3968 ugenmsm
649 3902 892 3970 eumenes«
900 3903 1054 3972 mear,
1067 3904 1252 3961 onmes.

622 4117 698 4186 143
721 4109 875 4208 (ecee.

184 4296 273 4379 1123,
298 4296 419 4367 Meos
433 4301 489 4380 εἳ,
513 4301 681 4371 Deonnir.
707 4302 891 4372 Uittrcksel
914 4303 963 4374 nit
988 4304 1029 4374 ie
1059 4302 1356 4398 minimos

95 4410 217 4468 over
227 4401 287 4470 bei
301 4401 497 4471 verkir'kksn
508 4424 572 4472 san
586 4404 651 4472 ion
666 4405 818 4495 bisscbop
831 4428 899 4476 van
910 4408 952 4478 de
965 4408 1180 4499 seboilplssts
1199 4428 1268 4485 vsa
1287 4405 1356 4483 dn

102 4489 248 4572 ketter
261 4503 359 4573 (liliis
385 4505 558 4590 liernnlt,
580 4507 634 4576 die
650 4508 765 4598 csnige
787 4509 895 4599 tsgcn
909 4516 943 4581 te
958 4530 1072 4596 rosen,
1096 4511 1123 4584 's
1142 4508 1228 4587 ssd
