<?xml version="1.0" encoding="UTF-8"?>
<!DOCTYPE html PUBLIC "-//W3C//DTD XHTML 1.0 Transitional//EN"
    "http://www.w3.org/TR/xhtml1/DTD/xhtml1-transitional.dtd">
<html xmlns="http://www.w3.org/1999/xhtml" xml:lang="en" lang="en">
 <head>
  <title>
</title>
<meta http-equiv="Content-Type" content="text/html;charset=utf-8" />
  <meta name='ocr-system' content='tesseract 3.04.00' />
  <meta name='ocr-capabilities' content='ocr_page ocr_carea ocr_par ocr_line ocrx_word'/>
</head>
<body>
  <div class='ocr_page' id='page_1' title='image "./corpusdocumento00frgoog_0076.png"; bbox 0 0 3188 5340; ppageno 0'>
   <div class='ocr_carea' id='block_1_1' title="bbox 592 533 857 589">
    <p class='ocr_par' dir='ltr' id='par_1_1' title="bbox 592 533 857 589">
     <span class='ocr_line' id='line_1_1' title="bbox 592 533 857 589; baseline -0.011 0"><span class='ocrx_word' id='word_1_1' title='bbox 592 533 697 589; x_wconf 79' lang='lat' dir='ltr'>ANNO</span> <span class='ocrx_word' id='word_1_2' title='bbox 716 535 857 587; x_wconf 54' lang='lat'><strong>12351236</strong></span> 
     </span>
    </p>
   </div>
   <div class='ocr_carea' id='block_1_2' title="bbox 439 702 906 933">
    <p class='ocr_par' dir='ltr' id='par_1_2' title="bbox 439 702 906 933">
     <span class='ocr_line' id='line_1_2' title="bbox 439 702 906 767; baseline -0.004 -13"><span class='ocrx_word' id='word_1_3' title='bbox 439 702 494 754; x_wconf 80' lang='lat' dir='ltr'><strong>Ars</strong></span> <span class='ocrx_word' id='word_1_4' title='bbox 512 715 547 754; x_wconf 86' lang='lat' dir='ltr'><strong>en</strong></span> <span class='ocrx_word' id='word_1_5' title='bbox 565 714 655 767; x_wconf 82' lang='lat' dir='ltr'><strong>poure</strong></span> <span class='ocrx_word' id='word_1_6' title='bbox 672 702 734 752; x_wconf 80' lang='lat' dir='ltr'><strong>tant</strong></span> <span class='ocrx_word' id='word_1_7' title='bbox 750 714 785 753; x_wconf 85' lang='lat' dir='ltr'><strong>en</strong></span> <span class='ocrx_word' id='word_1_8' title='bbox 804 702 906 767; x_wconf 70' lang='lat' dir='ltr'>apion,</span> 
     </span>
     <span class='ocr_line' id='line_1_3' title="bbox 441 785 881 859; baseline -0.007 -21"><span class='ocrx_word' id='word_1_9' title='bbox 441 785 471 838; x_wconf 86' lang='lat' dir='ltr'><strong>Si</strong></span> <span class='ocrx_word' id='word_1_10' title='bbox 488 786 610 859; x_wconf 55' lang='lat' dir='ltr'><strong>estoient</strong></span> <span class='ocrx_word' id='word_1_11' title='bbox 626 785 742 850; x_wconf 77' lang='lat' dir='ltr'><strong>Bougre</strong></span> <span class='ocrx_word' id='word_1_12' title='bbox 758 796 881 845; x_wconf 83' lang='lat' dir='ltr'><strong>nomme,</strong></span> 
     </span>
     <span class='ocr_line' id='line_1_4' title="bbox 441 867 892 933; baseline -0.004 -13"><span class='ocrx_word' id='word_1_13' title='bbox 441 868 484 920; x_wconf 80' lang='lat' dir='ltr'><strong>De</strong></span> <span class='ocrx_word' id='word_1_14' title='bbox 499 869 581 921; x_wconf 64' lang='lat' dir='ltr'><strong>rause</strong></span> <span class='ocrx_word' id='word_1_15' title='bbox 598 867 638 919; x_wconf 84' lang='lat' dir='ltr'><strong>loi</strong></span> <span class='ocrx_word' id='word_1_16' title='bbox 654 868 715 933; x_wconf 75' lang='lat' dir='ltr'><strong>pris</strong></span> <span class='ocrx_word' id='word_1_17' title='bbox 732 869 761 918; x_wconf 80' lang='lat' dir='ltr'><strong>et</strong></span> <span class='ocrx_word' id='word_1_18' title='bbox 777 879 892 933; x_wconf 80' lang='lat' dir='ltr'>prouve.</span> 
     </span>
    </p>
   </div>
   <div class='ocr_carea' id='block_1_3' title="bbox 393 948 958 1090">
    <p class='ocr_par' dir='ltr' id='par_1_3' title="bbox 393 948 958 1090">
     <span class='ocr_line' id='line_1_5' title="bbox 393 948 958 1015; baseline -0.004 -12"><span class='ocrx_word' id='word_1_19' title='bbox 393 988 401 1003; x_wconf 86' lang='lat'><strong>.</strong></span> <span class='ocrx_word' id='word_1_20' title='bbox 440 950 501 1012; x_wconf 85' lang='lat' dir='ltr'><strong>Que</strong></span> <span class='ocrx_word' id='word_1_21' title='bbox 517 950 619 1004; x_wconf 76' lang='lat' dir='ltr'>vielles</span> <span class='ocrx_word' id='word_1_22' title='bbox 635 953 754 1003; x_wconf 69' lang='lat' dir='ltr'><strong>femmas</strong></span> <span class='ocrx_word' id='word_1_23' title='bbox 771 963 826 1015; x_wconf 85' lang='lat' dir='ltr'><strong>que</strong></span> <span class='ocrx_word' id='word_1_24' title='bbox 843 948 958 1002; x_wconf 77' lang='lat' dir='ltr'><strong>vieuars</strong></span> 
     </span>
     <span class='ocr_line' id='line_1_6' title="bbox 440 1029 863 1090; baseline -0.002 -8"><span class='ocrx_word' id='word_1_25' title='bbox 440 1030 484 1082; x_wconf 78' lang='lat' dir='ltr'><strong>En</strong></span> <span class='ocrx_word' id='word_1_26' title='bbox 500 1032 510 1082; x_wconf 90' lang='lat' dir='ltr'><strong>i</strong></span> <span class='ocrx_word' id='word_1_27' title='bbox 528 1032 558 1082; x_wconf 80' lang='lat' dir='ltr'><strong>ot</strong></span> <span class='ocrx_word' id='word_1_28' title='bbox 574 1045 593 1082; x_wconf 77' lang='lat' dir='ltr'>a</span> <span class='ocrx_word' id='word_1_29' title='bbox 609 1031 729 1082; x_wconf 72' lang='lat' dir='ltr'><strong>Douwai</strong></span> <span class='ocrx_word' id='word_1_30' title='bbox 746 1029 790 1081; x_wconf 83' lang='lat' dir='ltr'><strong>dis</strong></span> <span class='ocrx_word' id='word_1_31' title='bbox 807 1042 863 1090; x_wconf 76' lang='lat' dir='ltr'><strong>ars,</strong></span> 
     </span>
    </p>
   </div>
   <div class='ocr_carea' id='block_1_4' title="bbox 306 1113 1024 4659">
    <p class='ocr_par' dir='ltr' id='par_1_4' title="bbox 306 1113 1024 4659">
     <span class='ocr_line' id='line_1_7' title="bbox 443 1113 872 1174; baseline -0.009 -8"><span class='ocrx_word' id='word_1_32' title='bbox 443 1114 480 1166; x_wconf 77' lang='lat' dir='ltr'><strong>Et</strong></span> <span class='ocrx_word' id='word_1_33' title='bbox 495 1128 546 1166; x_wconf 77' lang='lat' dir='ltr'><strong>sen</strong></span> <span class='ocrx_word' id='word_1_34' title='bbox 563 1115 573 1164; x_wconf 88' lang='lat' dir='ltr'><strong>i</strong></span> <span class='ocrx_word' id='word_1_35' title='bbox 591 1115 641 1166; x_wconf 81' lang='lat' dir='ltr'><strong>eut</strong></span> <span class='ocrx_word' id='word_1_36' title='bbox 657 1113 692 1164; x_wconf 83' lang='lat' dir='ltr'><strong>de</strong></span> <span class='ocrx_word' id='word_1_37' title='bbox 709 1113 872 1174; x_wconf 75' lang='lat' dir='ltr'><strong>conviertis,</strong></span> 
     </span>
     <span class='ocr_line' id='line_1_8' title="bbox 442 1193 884 1260; baseline -0.007 -11"><span class='ocrx_word' id='word_1_38' title='bbox 442 1196 542 1249; x_wconf 78' lang='lat' dir='ltr'><strong>Femes</strong></span> <span class='ocrx_word' id='word_1_39' title='bbox 559 1197 588 1248; x_wconf 87' lang='lat' dir='ltr'><strong>et</strong></span> <span class='ocrx_word' id='word_1_40' title='bbox 605 1195 733 1247; x_wconf 72' lang='lat' dir='ltr'>hommes</span> <span class='ocrx_word' id='word_1_41' title='bbox 749 1193 794 1247; x_wconf 85' lang='lat' dir='ltr'><strong>del</strong></span> <span class='ocrx_word' id='word_1_42' title='bbox 812 1197 884 1260; x_wconf 73' lang='lat' dir='ltr'><strong>pais,</strong></span> 
     </span>
     <span class='ocr_line' id='line_1_9' title="bbox 442 1278 923 1345; baseline -0.008 -13"><span class='ocrx_word' id='word_1_43' title='bbox 442 1279 495 1339; x_wconf 84' lang='lat' dir='ltr'><strong>Qui</strong></span> <span class='ocrx_word' id='word_1_44' title='bbox 512 1281 609 1332; x_wconf 70' lang='lat' dir='ltr'><strong>tutent</strong></span> <span class='ocrx_word' id='word_1_45' title='bbox 626 1279 691 1331; x_wconf 79' lang='lat' dir='ltr'>bien</span> <span class='ocrx_word' id='word_1_46' title='bbox 709 1279 779 1332; x_wconf 76' lang='lat' dir='ltr'><strong>haut</strong></span> <span class='ocrx_word' id='word_1_47' title='bbox 795 1278 923 1345; x_wconf 77' lang='lat' dir='ltr'>roegnie,</span> 
     </span>
     <span class='ocr_line' id='line_1_10' title="bbox 395 1360 888 1413; baseline 0 -1"><span class='ocrx_word' id='word_1_48' title='bbox 395 1396 402 1412; x_wconf 92' lang='lat'>.</span> <span class='ocrx_word' id='word_1_49' title='bbox 441 1360 551 1412; x_wconf 77' lang='lat' dir='ltr'><strong>Devant</strong></span> <span class='ocrx_word' id='word_1_50' title='bbox 567 1364 597 1413; x_wconf 82' lang='lat' dir='ltr'><strong>et</strong></span> <span class='ocrx_word' id='word_1_51' title='bbox 613 1361 742 1413; x_wconf 74' lang='lat' dir='ltr'><strong>demere</strong></span> <span class='ocrx_word' id='word_1_52' title='bbox 761 1361 888 1412; x_wconf 77' lang='lat' dir='ltr'><strong>omissio.</strong></span> 
     </span>
     <span class='ocr_line' id='line_1_11' title="bbox 441 1442 843 1497; baseline 0 -3"><span class='ocrx_word' id='word_1_53' title='bbox 441 1442 478 1494; x_wconf 84' lang='lat' dir='ltr'><strong>Et</strong></span> <span class='ocrx_word' id='word_1_54' title='bbox 494 1445 518 1495; x_wconf 85' lang='lat' dir='ltr'><strong>si</strong></span> <span class='ocrx_word' id='word_1_55' title='bbox 535 1457 572 1497; x_wconf 87' lang='lat' dir='ltr'><strong>en</strong></span> <span class='ocrx_word' id='word_1_56' title='bbox 589 1446 636 1496; x_wconf 80' lang='lat' dir='ltr'><strong>fist</strong></span> <span class='ocrx_word' id='word_1_57' title='bbox 653 1457 690 1495; x_wconf 90' lang='lat' dir='ltr'><strong>on</strong></span> <span class='ocrx_word' id='word_1_58' title='bbox 708 1456 843 1496; x_wconf 80' lang='lat' dir='ltr'><strong>enmurer</strong></span> 
     </span>
     <span class='ocr_line' id='line_1_12' title="bbox 442 1527 912 1594; baseline -0.002 -16"><span class='ocrx_word' id='word_1_59' title='bbox 442 1527 520 1579; x_wconf 83' lang='lat' dir='ltr'>Pour</span> <span class='ocrx_word' id='word_1_60' title='bbox 535 1530 664 1594; x_wconf 83' lang='lat' dir='ltr'><strong>repentir</strong></span> <span class='ocrx_word' id='word_1_61' title='bbox 681 1530 710 1580; x_wconf 81' lang='lat' dir='ltr'><strong>et</strong></span> <span class='ocrx_word' id='word_1_62' title='bbox 727 1541 800 1594; x_wconf 84' lang='lat' dir='ltr'><strong>pour</strong></span> <span class='ocrx_word' id='word_1_63' title='bbox 816 1528 912 1578; x_wconf 74' lang='lat' dir='ltr'>duret.</span> 
     </span>
     <span class='ocr_line' id='line_1_13' title="bbox 440 1607 888 1675; baseline -0.002 -15"><span class='ocrx_word' id='word_1_64' title='bbox 440 1607 478 1660; x_wconf 77' lang='lat' dir='ltr'><strong>Et</strong></span> <span class='ocrx_word' id='word_1_65' title='bbox 493 1622 511 1661; x_wconf 82' lang='lat' dir='ltr'><strong>a</strong></span> <span class='ocrx_word' id='word_1_66' title='bbox 527 1608 600 1662; x_wconf 84' lang='lat' dir='ltr'>Lille</span> <span class='ocrx_word' id='word_1_67' title='bbox 618 1611 648 1661; x_wconf 80' lang='lat' dir='ltr'><strong>ot</strong></span> <span class='ocrx_word' id='word_1_68' title='bbox 664 1611 724 1675; x_wconf 82' lang='lat' dir='ltr'><strong>pris</strong></span> <span class='ocrx_word' id='word_1_69' title='bbox 741 1622 888 1661; x_wconf 69' lang='lat' dir='ltr'><strong>marcenae</strong></span> 
     </span>
     <span class='ocr_line' id='line_1_14' title="bbox 442 1691 940 1746; baseline -0.002 -4"><span class='ocrx_word' id='word_1_70' title='bbox 442 1691 484 1744; x_wconf 78' lang='lat' dir='ltr'><strong>De</strong></span> <span class='ocrx_word' id='word_1_71' title='bbox 500 1693 581 1746; x_wconf 78' lang='lat' dir='ltr'><strong>fieste</strong></span> <span class='ocrx_word' id='word_1_72' title='bbox 598 1706 634 1746; x_wconf 80' lang='lat' dir='ltr'><strong>en</strong></span> <span class='ocrx_word' id='word_1_73' title='bbox 651 1694 732 1746; x_wconf 76' lang='lat' dir='ltr'>flesto</span> <span class='ocrx_word' id='word_1_74' title='bbox 750 1693 817 1744; x_wconf 70' lang='lat' dir='ltr'><strong>ades</strong></span> <span class='ocrx_word' id='word_1_75' title='bbox 834 1705 940 1744; x_wconf 83' lang='lat' dir='ltr'><strong>esrans.</strong></span> 
     </span>
     <span class='ocr_line' id='line_1_15' title="bbox 398 1775 836 1830; baseline 0.002 -3"><span class='ocrx_word' id='word_1_76' title='bbox 398 1811 405 1827; x_wconf 91' lang='lat'><strong>.</strong></span> <span class='ocrx_word' id='word_1_77' title='bbox 444 1776 566 1828; x_wconf 82' lang='lat' dir='ltr'><strong>Robiers</strong></span> <span class='ocrx_word' id='word_1_78' title='bbox 583 1778 594 1828; x_wconf 90' lang='lat' dir='ltr'>i</span> <span class='ocrx_word' id='word_1_79' title='bbox 611 1779 641 1829; x_wconf 84' lang='lat' dir='ltr'><strong>tu</strong></span> <span class='ocrx_word' id='word_1_80' title='bbox 659 1777 694 1828; x_wconf 84' lang='lat' dir='ltr'><strong>de</strong></span> <span class='ocrx_word' id='word_1_81' title='bbox 711 1776 739 1830; x_wconf 84' lang='lat' dir='ltr'><strong>le</strong></span> <span class='ocrx_word' id='word_1_82' title='bbox 756 1775 836 1828; x_wconf 80' lang='lat' dir='ltr'><strong>Galie</strong></span> 
     </span>
     <span class='ocr_line' id='line_1_16' title="bbox 442 1859 825 1922; baseline -0.005 -10"><span class='ocrx_word' id='word_1_83' title='bbox 442 1859 516 1922; x_wconf 66' lang='lat' dir='ltr'><strong>Prin,</strong></span> <span class='ocrx_word' id='word_1_84' title='bbox 533 1862 650 1913; x_wconf 78' lang='lat' dir='ltr'><strong>retenus</strong></span> <span class='ocrx_word' id='word_1_85' title='bbox 667 1873 685 1912; x_wconf 79' lang='lat' dir='ltr'><strong>a</strong></span> <span class='ocrx_word' id='word_1_86' title='bbox 701 1859 762 1912; x_wconf 84' lang='lat' dir='ltr'>cele</span> <span class='ocrx_word' id='word_1_87' title='bbox 779 1860 825 1911; x_wconf 85' lang='lat' dir='ltr'><strong>fle.</strong></span> 
     </span>
     <span class='ocr_line' id='line_1_17' title="bbox 443 1940 923 2002; baseline -0.006 -7"><span class='ocrx_word' id='word_1_88' title='bbox 443 1943 515 1996; x_wconf 66' lang='lat' dir='ltr'><strong>Mais</strong></span> <span class='ocrx_word' id='word_1_89' title='bbox 533 1943 722 1996; x_wconf 73' lang='lat' dir='ltr'><strong>Dameldieux</strong></span> <span class='ocrx_word' id='word_1_90' title='bbox 739 1941 787 1994; x_wconf 88' lang='lat' dir='ltr'><strong>len</strong></span> <span class='ocrx_word' id='word_1_91' title='bbox 804 1940 923 2002; x_wconf 73' lang='lat' dir='ltr'><strong>deum,</strong></span> 
     </span>
     <span class='ocr_line' id='line_1_18' title="bbox 443 2024 927 2091; baseline -0.004 -13"><span class='ocrx_word' id='word_1_92' title='bbox 443 2025 509 2087; x_wconf 82' lang='lat' dir='ltr'>Quil</span> <span class='ocrx_word' id='word_1_93' title='bbox 525 2024 617 2078; x_wconf 83' lang='lat' dir='ltr'><strong>moult</strong></span> <span class='ocrx_word' id='word_1_94' title='bbox 633 2027 782 2080; x_wconf 81' lang='lat' dir='ltr'>docement</span> <span class='ocrx_word' id='word_1_95' title='bbox 797 2039 834 2078; x_wconf 83' lang='lat' dir='ltr'><strong>en</strong></span> <span class='ocrx_word' id='word_1_96' title='bbox 850 2024 927 2091; x_wconf 55' lang='lat' dir='ltr'><strong>prim</strong></span> 
     </span>
     <span class='ocr_line' id='line_1_19' title="bbox 443 2108 894 2176; baseline -0.002 -15"><span class='ocrx_word' id='word_1_97' title='bbox 443 2109 521 2169; x_wconf 78' lang='lat' dir='ltr'>Quar</span> <span class='ocrx_word' id='word_1_98' title='bbox 535 2108 557 2160; x_wconf 84' lang='lat' dir='ltr'><strong>il</strong></span> <span class='ocrx_word' id='word_1_99' title='bbox 575 2110 652 2162; x_wconf 75' lang='lat' dir='ltr'><strong>avoit</strong></span> <span class='ocrx_word' id='word_1_100' title='bbox 669 2110 808 2176; x_wconf 80' lang='lat' dir='ltr'><strong>preudom</strong></span> <span class='ocrx_word' id='word_1_101' title='bbox 824 2110 894 2171; x_wconf 76' lang='lat' dir='ltr'>este,</span> 
     </span>
     <span class='ocr_line' id='line_1_20' title="bbox 397 2192 865 2246; baseline 0 -2"><span class='ocrx_word' id='word_1_102' title='bbox 397 2229 405 2244; x_wconf 88' lang='lat'><strong>.</strong></span> <span class='ocrx_word' id='word_1_103' title='bbox 443 2193 515 2245; x_wconf 76' lang='lat' dir='ltr'><strong>Mais</strong></span> <span class='ocrx_word' id='word_1_104' title='bbox 534 2192 576 2246; x_wconf 78' lang='lat' dir='ltr'><strong>les</strong></span> <span class='ocrx_word' id='word_1_105' title='bbox 592 2196 683 2246; x_wconf 76' lang='lat' dir='ltr'>temes</span> <span class='ocrx_word' id='word_1_106' title='bbox 700 2194 777 2245; x_wconf 77' lang='lat' dir='ltr'>avoit</span> <span class='ocrx_word' id='word_1_107' title='bbox 793 2205 865 2245; x_wconf 72' lang='lat' dir='ltr'><strong>ame.</strong></span> 
     </span>
     <span class='ocr_line' id='line_1_21' title="bbox 443 2274 872 2328; baseline -0.007 0"><span class='ocrx_word' id='word_1_108' title='bbox 443 2277 522 2328; x_wconf 88' lang='lat' dir='ltr'><strong>Pour</strong></span> <span class='ocrx_word' id='word_1_109' title='bbox 538 2288 593 2327; x_wconf 88' lang='lat' dir='ltr'><strong>une</strong></span> <span class='ocrx_word' id='word_1_110' title='bbox 611 2276 693 2328; x_wconf 80' lang='lat' dir='ltr'><strong>dame</strong></span> <span class='ocrx_word' id='word_1_111' title='bbox 710 2276 745 2328; x_wconf 88' lang='lat' dir='ltr'><strong>de</strong></span> <span class='ocrx_word' id='word_1_112' title='bbox 762 2274 872 2327; x_wconf 78' lang='lat' dir='ltr'><strong>Melans</strong></span> 
     </span>
     <span class='ocr_line' id='line_1_22' title="bbox 443 2357 904 2419; baseline -0.004 -9"><span class='ocrx_word' id='word_1_113' title='bbox 443 2358 476 2409; x_wconf 82' lang='lat' dir='ltr'><strong>Li</strong></span> <span class='ocrx_word' id='word_1_114' title='bbox 494 2359 619 2410; x_wconf 73' lang='lat' dir='ltr'><strong>turrem</strong></span> <span class='ocrx_word' id='word_1_115' title='bbox 638 2357 760 2410; x_wconf 86' lang='lat' dir='ltr'>Robiers</span> <span class='ocrx_word' id='word_1_116' title='bbox 778 2358 904 2419; x_wconf 82' lang='lat' dir='ltr'><strong>nuisans,</strong></span> 
     </span>
     <span class='ocr_line' id='line_1_23' title="bbox 442 2441 919 2508; baseline -0.008 -13"><span class='ocrx_word' id='word_1_117' title='bbox 442 2442 479 2495; x_wconf 73' lang='lat' dir='ltr'><strong>Et</strong></span> <span class='ocrx_word' id='word_1_118' title='bbox 496 2444 553 2494; x_wconf 78' lang='lat' dir='ltr'><strong>dist</strong></span> <span class='ocrx_word' id='word_1_119' title='bbox 568 2455 695 2508; x_wconf 83' lang='lat' dir='ltr'><strong>quencor</strong></span> <span class='ocrx_word' id='word_1_120' title='bbox 711 2441 738 2493; x_wconf 88' lang='lat' dir='ltr'><strong>le</strong></span> <span class='ocrx_word' id='word_1_121' title='bbox 755 2441 919 2506; x_wconf 78' lang='lat' dir='ltr'>conparroit</span> 
     </span>
     <span class='ocr_line' id='line_1_24' title="bbox 442 2518 848 2589; baseline -0.01 -13"><span class='ocrx_word' id='word_1_122' title='bbox 442 2518 486 2576; x_wconf 75' lang='grc' dir='ltr'><strong>Είι</strong></span> <span class='ocrx_word' id='word_1_123' title='bbox 503 2538 555 2576; x_wconf 81' lang='lat' dir='ltr'><strong>son</strong></span> <span class='ocrx_word' id='word_1_124' title='bbox 572 2523 644 2589; x_wconf 76' lang='lat' dir='ltr'>pais,</span> <span class='ocrx_word' id='word_1_125' title='bbox 662 2523 698 2575; x_wconf 84' lang='lat' dir='ltr'><strong>sil</strong></span> <span class='ocrx_word' id='word_1_126' title='bbox 716 2524 725 2573; x_wconf 91' lang='lat' dir='ltr'><strong>i</strong></span> <span class='ocrx_word' id='word_1_127' title='bbox 743 2523 848 2575; x_wconf 79' lang='lat' dir='ltr'><strong>venoit.</strong></span> 
     </span>
     <span class='ocr_line' id='line_1_25' title="bbox 398 2606 891 2671; baseline -0.006 -12"><span class='ocrx_word' id='word_1_128' title='bbox 398 2643 405 2659; x_wconf 90' lang='lat'><strong><em>.</em></strong></span> <span class='ocrx_word' id='word_1_129' title='bbox 442 2608 564 2660; x_wconf 80' lang='lat' dir='ltr'>Robiers</span> <span class='ocrx_word' id='word_1_130' title='bbox 582 2607 609 2658; x_wconf 88' lang='lat' dir='ltr'><strong>le</strong></span> <span class='ocrx_word' id='word_1_131' title='bbox 625 2607 664 2658; x_wconf 78' lang='lat' dir='ltr'><strong>tri</strong></span> <span class='ocrx_word' id='word_1_132' title='bbox 681 2606 727 2658; x_wconf 85' lang='lat' dir='ltr'><strong>del</strong></span> <span class='ocrx_word' id='word_1_133' title='bbox 744 2607 891 2671; x_wconf 81' lang='lat' dir='ltr'>esprivier,</span> 
     </span>
     <span class='ocr_line' id='line_1_26' title="bbox 444 2687 963 2754; baseline -0.004 -13"><span class='ocrx_word' id='word_1_134' title='bbox 444 2689 497 2749; x_wconf 84' lang='lat' dir='ltr'><strong>Qui</strong></span> <span class='ocrx_word' id='word_1_135' title='bbox 515 2689 640 2754; x_wconf 78' lang='lat' dir='ltr'><strong>puissedi</strong></span> <span class='ocrx_word' id='word_1_136' title='bbox 658 2702 765 2754; x_wconf 76' lang='lat' dir='ltr'><strong>conpra</strong></span> <span class='ocrx_word' id='word_1_137' title='bbox 779 2687 870 2739; x_wconf 87' lang='lat' dir='ltr'><strong>moult</strong></span> <span class='ocrx_word' id='word_1_138' title='bbox 887 2688 963 2750; x_wconf 83' lang='lat' dir='ltr'>cier3</span> 
     </span>
     <span class='ocr_line' id='line_1_27' title="bbox 442 2773 816 2825; baseline 0 0"><span class='ocrx_word' id='word_1_139' title='bbox 442 2773 577 2825; x_wconf 82' lang='lat' dir='ltr'><strong>Envoiies</strong></span> <span class='ocrx_word' id='word_1_140' title='bbox 594 2786 630 2825; x_wconf 83' lang='lat' dir='ltr'><strong>en</strong></span> <span class='ocrx_word' id='word_1_141' title='bbox 648 2774 729 2825; x_wconf 83' lang='lat' dir='ltr'>tuen</span> <span class='ocrx_word' id='word_1_142' title='bbox 747 2773 816 2825; x_wconf 78' lang='lat' dir='ltr'><strong>esen</strong></span> 
     </span>
     <span class='ocr_line' id='line_1_28' title="bbox 441 2853 918 2906; baseline 0 0"><span class='ocrx_word' id='word_1_143' title='bbox 441 2854 524 2906; x_wconf 81' lang='lat' dir='ltr'><strong>Droit</strong></span> <span class='ocrx_word' id='word_1_144' title='bbox 540 2867 576 2906; x_wconf 88' lang='lat' dir='ltr'><strong>en</strong></span> <span class='ocrx_word' id='word_1_145' title='bbox 598 2853 829 2906; x_wconf 74' lang='lat' dir='ltr'><strong>Constantinoble</strong></span> <span class='ocrx_word' id='word_1_146' title='bbox 847 2855 918 2906; x_wconf 84' lang='lat' dir='ltr'>ensi.</span> 
     </span>
     <span class='ocr_line' id='line_1_29' title="bbox 439 2937 898 3003; baseline -0.004 -12"><span class='ocrx_word' id='word_1_147' title='bbox 439 2937 495 2991; x_wconf 77' lang='lat' dir='ltr'><strong>Son</strong></span> <span class='ocrx_word' id='word_1_148' title='bbox 513 2939 543 2989; x_wconf 78' lang='lat' dir='ltr'><strong>ot</strong></span> <span class='ocrx_word' id='word_1_149' title='bbox 560 2937 620 3003; x_wconf 84' lang='lat' dir='ltr'><strong>pris</strong></span> <span class='ocrx_word' id='word_1_150' title='bbox 638 2950 655 2988; x_wconf 75' lang='lat' dir='ltr'>a</span> <span class='ocrx_word' id='word_1_151' title='bbox 671 2937 731 2989; x_wconf 86' lang='lat' dir='ltr'><strong>Ask</strong></span> <span class='ocrx_word' id='word_1_152' title='bbox 748 2940 777 2989; x_wconf 79' lang='lat' dir='ltr'><strong>et</strong></span> <span class='ocrx_word' id='word_1_153' title='bbox 794 2951 811 2988; x_wconf 80' lang='lat' dir='ltr'><strong>a</strong></span> <span class='ocrx_word' id='word_1_154' title='bbox 828 2937 898 2989; x_wconf 82' lang='lat' dir='ltr'><strong>Lers</strong></span> 
     </span>
     <span class='ocr_line' id='line_1_30' title="bbox 395 3018 856 3072; baseline 0 -1"><span class='ocrx_word' id='word_1_155' title='bbox 395 3056 402 3071; x_wconf 92' lang='lat'><strong><em>.</em></strong></span> <span class='ocrx_word' id='word_1_156' title='bbox 440 3020 476 3072; x_wconf 83' lang='lat' dir='ltr'><strong>Et</strong></span> <span class='ocrx_word' id='word_1_157' title='bbox 493 3034 529 3072; x_wconf 84' lang='lat' dir='ltr'><strong>en</strong></span> <span class='ocrx_word' id='word_1_158' title='bbox 546 3018 648 3072; x_wconf 78' lang='lat' dir='ltr'>lavile</span> <span class='ocrx_word' id='word_1_159' title='bbox 665 3019 700 3070; x_wconf 83' lang='lat' dir='ltr'><strong>de</strong></span> <span class='ocrx_word' id='word_1_160' title='bbox 718 3019 856 3071; x_wconf 81' lang='lat' dir='ltr'>Toussers.</span> 
     </span>
     <span class='ocr_line' id='line_1_31' title="bbox 438 3101 869 3155; baseline -0.002 0"><span class='ocrx_word' id='word_1_161' title='bbox 438 3101 494 3155; x_wconf 87' lang='lat' dir='ltr'><strong>Sen</strong></span> <span class='ocrx_word' id='word_1_162' title='bbox 511 3104 521 3153; x_wconf 91' lang='lat' dir='ltr'>i</span> <span class='ocrx_word' id='word_1_163' title='bbox 539 3103 570 3154; x_wconf 81' lang='lat' dir='ltr'><strong>ot</strong></span> <span class='ocrx_word' id='word_1_164' title='bbox 587 3102 738 3154; x_wconf 83' lang='lat' dir='ltr'><strong>denmures</strong></span> <span class='ocrx_word' id='word_1_165' title='bbox 755 3104 785 3155; x_wconf 82' lang='lat' dir='ltr'><strong>et</strong></span> <span class='ocrx_word' id='word_1_166' title='bbox 804 3103 869 3154; x_wconf 72' lang='lat' dir='ltr'><strong>dara</strong></span> 
     </span>
     <span class='ocr_line' id='line_1_32' title="bbox 440 3183 924 3238; baseline 0.004 -2"><span class='ocrx_word' id='word_1_167' title='bbox 440 3184 538 3237; x_wconf 78' lang='lat' dir='ltr'><strong>Plains</strong></span> <span class='ocrx_word' id='word_1_168' title='bbox 556 3185 591 3236; x_wconf 84' lang='lat' dir='ltr'><strong>de</strong></span> <span class='ocrx_word' id='word_1_169' title='bbox 608 3183 669 3236; x_wconf 81' lang='lat' dir='ltr'>cele</span> <span class='ocrx_word' id='word_1_170' title='bbox 687 3183 787 3237; x_wconf 80' lang='lat' dir='ltr'><strong>malise</strong></span> <span class='ocrx_word' id='word_1_171' title='bbox 804 3187 833 3237; x_wconf 84' lang='lat' dir='ltr'><strong>et</strong></span> <span class='ocrx_word' id='word_1_172' title='bbox 850 3185 924 3238; x_wconf 77' lang='lat' dir='ltr'><strong>dars.</strong></span> 
     </span>
     <span class='ocr_line' id='line_1_33' title="bbox 440 3266 904 3332; baseline 0.002 -13"><span class='ocrx_word' id='word_1_173' title='bbox 440 3269 526 3319; x_wconf 78' lang='lat' dir='ltr'>Assos</span> <span class='ocrx_word' id='word_1_174' title='bbox 542 3281 579 3319; x_wconf 88' lang='lat' dir='ltr'><strong>en</strong></span> <span class='ocrx_word' id='word_1_175' title='bbox 596 3270 626 3318; x_wconf 86' lang='lat' dir='ltr'><strong>ot</strong></span> <span class='ocrx_word' id='word_1_176' title='bbox 643 3280 689 3319; x_wconf 77' lang='lat' dir='ltr'><strong>ars</strong></span> <span class='ocrx_word' id='word_1_177' title='bbox 707 3280 759 3332; x_wconf 69' lang='lat' dir='ltr'><strong>par</strong></span> <span class='ocrx_word' id='word_1_178' title='bbox 776 3266 805 3318; x_wconf 75' lang='lat' dir='ltr'><strong>la</strong></span> <span class='ocrx_word' id='word_1_179' title='bbox 822 3267 904 3332; x_wconf 70' lang='lat' dir='ltr'><strong>fiere,</strong></span> 
     </span>
     <span class='ocr_line' id='line_1_34' title="bbox 439 3349 963 3418; baseline 0.004 -18"><span class='ocrx_word' id='word_1_180' title='bbox 439 3349 493 3411; x_wconf 83' lang='lat' dir='ltr'><strong>Qui</strong></span> <span class='ocrx_word' id='word_1_181' title='bbox 511 3351 584 3403; x_wconf 86' lang='lat' dir='ltr'>Dieu</span> <span class='ocrx_word' id='word_1_182' title='bbox 601 3351 735 3402; x_wconf 80' lang='lat' dir='ltr'><strong>taisoient</strong></span> <span class='ocrx_word' id='word_1_183' title='bbox 752 3351 795 3402; x_wconf 76' lang='lat' dir='ltr'><strong>ire</strong></span> <span class='ocrx_word' id='word_1_184' title='bbox 813 3353 842 3402; x_wconf 84' lang='lat' dir='ltr'><strong>et</strong></span> <span class='ocrx_word' id='word_1_185' title='bbox 858 3352 963 3418; x_wconf 82' lang='lat' dir='ltr'>gierre.</span> 
     </span>
     <span class='ocr_line' id='line_1_35' title="bbox 394 3432 975 3499; baseline 0.005 -16"><span class='ocrx_word' id='word_1_186' title='bbox 394 3469 401 3483; x_wconf 91' lang='lat'><strong>.</strong></span> <span class='ocrx_word' id='word_1_187' title='bbox 439 3432 530 3485; x_wconf 83' lang='lat' dir='ltr'><strong>Moult</strong></span> <span class='ocrx_word' id='word_1_188' title='bbox 547 3433 557 3482; x_wconf 90' lang='lat' dir='ltr'><strong>i</strong></span> <span class='ocrx_word' id='word_1_189' title='bbox 574 3435 623 3484; x_wconf 84' lang='lat' dir='ltr'><strong>eut</strong></span> <span class='ocrx_word' id='word_1_190' title='bbox 640 3435 724 3499; x_wconf 82' lang='lat' dir='ltr'>grant</span> <span class='ocrx_word' id='word_1_191' title='bbox 741 3433 807 3486; x_wconf 84' lang='lat' dir='ltr'>duel</span> <span class='ocrx_word' id='word_1_192' title='bbox 826 3447 843 3484; x_wconf 83' lang='lat' dir='ltr'><strong>a</strong></span> <span class='ocrx_word' id='word_1_193' title='bbox 858 3433 975 3486; x_wconf 73' lang='lat' dir='ltr'><strong>lardoir.</strong></span> 
     </span>
     <span class='ocr_line' id='line_1_36' title="bbox 438 3516 993 3583; baseline 0.002 -16"><span class='ocrx_word' id='word_1_194' title='bbox 438 3516 511 3568; x_wconf 76' lang='lat' dir='ltr'><strong>Mais</strong></span> <span class='ocrx_word' id='word_1_195' title='bbox 527 3529 580 3567; x_wconf 81' lang='lat' dir='ltr'><strong>cou</strong></span> <span class='ocrx_word' id='word_1_196' title='bbox 598 3518 628 3567; x_wconf 82' lang='lat' dir='ltr'><strong>tu</strong></span> <span class='ocrx_word' id='word_1_197' title='bbox 645 3530 733 3583; x_wconf 73' lang='lat' dir='ltr'><strong>grans</strong></span> <span class='ocrx_word' id='word_1_198' title='bbox 748 3517 807 3580; x_wconf 82' lang='lat' dir='ltr'><strong>joie</strong></span> <span class='ocrx_word' id='word_1_199' title='bbox 825 3531 899 3581; x_wconf 81' lang='lat' dir='ltr'>pour</span> <span class='ocrx_word' id='word_1_200' title='bbox 915 3518 993 3580; x_wconf 77' lang='lat' dir='ltr'>voir3</span> 
     </span>
     <span class='ocr_line' id='line_1_37' title="bbox 423 3596 863 3664; baseline 0.007 -16"><span class='ocrx_word' id='word_1_201' title='bbox 423 3597 516 3657; x_wconf 82' lang='lat' dir='ltr'><strong>·Quar</strong></span> <span class='ocrx_word' id='word_1_202' title='bbox 532 3596 553 3649; x_wconf 91' lang='lat' dir='ltr'><strong>il</strong></span> <span class='ocrx_word' id='word_1_203' title='bbox 571 3599 696 3651; x_wconf 81' lang='lat' dir='ltr'>euissent</span> <span class='ocrx_word' id='word_1_204' title='bbox 714 3600 863 3664; x_wconf 85' lang='lat' dir='ltr'><strong>enpuisnie</strong></span> 
     </span>
     <span class='ocr_line' id='line_1_38' title="bbox 438 3680 848 3749; baseline 0 -17"><span class='ocrx_word' id='word_1_205' title='bbox 438 3681 512 3733; x_wconf 85' lang='lat' dir='ltr'><strong>Tout</strong></span> <span class='ocrx_word' id='word_1_206' title='bbox 529 3680 557 3732; x_wconf 84' lang='lat' dir='ltr'><strong>le</strong></span> <span class='ocrx_word' id='word_1_207' title='bbox 574 3682 636 3746; x_wconf 77' lang='lat' dir='ltr'>pais</span> <span class='ocrx_word' id='word_1_208' title='bbox 655 3685 683 3733; x_wconf 85' lang='lat' dir='ltr'><strong>et</strong></span> <span class='ocrx_word' id='word_1_209' title='bbox 702 3682 848 3749; x_wconf 77' lang='lat' dir='ltr'>engignie.</span> 
     </span>
     <span class='ocr_line' id='line_1_39' title="bbox 438 3763 992 3831; baseline 0.002 -16"><span class='ocrx_word' id='word_1_210' title='bbox 438 3763 476 3815; x_wconf 79' lang='lat' dir='ltr'><strong>Et</strong></span> <span class='ocrx_word' id='word_1_211' title='bbox 493 3764 585 3815; x_wconf 83' lang='lat' dir='ltr'>Dieux</span> <span class='ocrx_word' id='word_1_212' title='bbox 602 3765 776 3831; x_wconf 79' lang='lat' dir='ltr'>maintiegne</span> <span class='ocrx_word' id='word_1_213' title='bbox 793 3765 817 3815; x_wconf 80' lang='lat' dir='ltr'><strong>si</strong></span> <span class='ocrx_word' id='word_1_214' title='bbox 835 3779 887 3816; x_wconf 84' lang='lat' dir='ltr'><strong>son</strong></span> <span class='ocrx_word' id='word_1_215' title='bbox 908 3763 992 3830; x_wconf 83' lang='lat' dir='ltr'>peule</span> 
     </span>
     <span class='ocr_line' id='line_1_40' title="bbox 393 3844 967 3908; baseline 0.003 -12"><span class='ocrx_word' id='word_1_216' title='bbox 393 3881 401 3896; x_wconf 86' lang='lat'><strong>.</strong></span> <span class='ocrx_word' id='word_1_217' title='bbox 439 3845 499 3905; x_wconf 86' lang='lat' dir='ltr'><strong>Que</strong></span> <span class='ocrx_word' id='word_1_218' title='bbox 517 3847 589 3897; x_wconf 75' lang='lat' dir='ltr'><strong>mais</strong></span> <span class='ocrx_word' id='word_1_219' title='bbox 607 3847 704 3897; x_wconf 79' lang='lat' dir='ltr'><strong>naient</strong></span> <span class='ocrx_word' id='word_1_220' title='bbox 720 3859 839 3898; x_wconf 74' lang='lat' dir='ltr'>ereanee</span> <span class='ocrx_word' id='word_1_221' title='bbox 857 3844 967 3908; x_wconf 80' lang='lat' dir='ltr'>aveule,</span> 
     </span>
     <span class='ocr_line' id='line_1_41' title="bbox 438 3928 942 3982; baseline -0.002 -2"><span class='ocrx_word' id='word_1_222' title='bbox 438 3928 510 3980; x_wconf 79' lang='lat' dir='ltr'><strong>Aine</strong></span> <span class='ocrx_word' id='word_1_223' title='bbox 527 3929 583 3980; x_wconf 80' lang='lat' dir='ltr'><strong>soit</strong></span> <span class='ocrx_word' id='word_1_224' title='bbox 599 3942 617 3980; x_wconf 76' lang='lat' dir='ltr'><strong>a</strong></span> <span class='ocrx_word' id='word_1_225' title='bbox 633 3942 736 3980; x_wconf 75' lang='lat' dir='ltr'><strong>cascun</strong></span> <span class='ocrx_word' id='word_1_226' title='bbox 753 3929 829 3982; x_wconf 72' lang='lat' dir='ltr'>vrais</span> <span class='ocrx_word' id='word_1_227' title='bbox 846 3942 942 3981; x_wconf 83' lang='lat' dir='ltr'><strong>recors</strong></span> 
     </span>
     <span class='ocr_line' id='line_1_42' title="bbox 438 4011 995 4076; baseline 0 -12"><span class='ocrx_word' id='word_1_228' title='bbox 438 4011 498 4071; x_wconf 84' lang='lat' dir='ltr'><strong>Que</strong></span> <span class='ocrx_word' id='word_1_229' title='bbox 515 4012 588 4064; x_wconf 83' lang='lat' dir='ltr'>Diex</span> <span class='ocrx_word' id='word_1_230' title='bbox 606 4013 636 4062; x_wconf 77' lang='lat' dir='ltr'><strong>tu</strong></span> <span class='ocrx_word' id='word_1_231' title='bbox 653 4025 726 4076; x_wconf 86' lang='lat' dir='ltr'>pour</span> <span class='ocrx_word' id='word_1_232' title='bbox 742 4011 783 4062; x_wconf 92' lang='lat' dir='ltr'><strong>lui</strong></span> <span class='ocrx_word' id='word_1_233' title='bbox 801 4013 843 4062; x_wconf 89' lang='lat' dir='ltr'><strong>vis</strong></span> <span class='ocrx_word' id='word_1_234' title='bbox 861 4014 891 4063; x_wconf 77' lang='lat' dir='ltr'><strong>et</strong></span> <span class='ocrx_word' id='word_1_235' title='bbox 908 4025 995 4064; x_wconf 76' lang='lat' dir='ltr'><strong>mors.</strong></span> 
     </span>
     <span class='ocr_line' id='line_1_43' title="bbox 438 4094 886 4160; baseline 0.002 -15"><span class='ocrx_word' id='word_1_236' title='bbox 438 4094 475 4146; x_wconf 81' lang='lat' dir='ltr'><strong>Et</strong></span> <span class='ocrx_word' id='word_1_237' title='bbox 490 4095 618 4160; x_wconf 72' lang='lat' dir='ltr'><strong>mariage</strong></span> <span class='ocrx_word' id='word_1_238' title='bbox 636 4097 666 4146; x_wconf 76' lang='lat' dir='ltr'><strong>et</strong></span> <span class='ocrx_word' id='word_1_239' title='bbox 681 4094 741 4145; x_wconf 66' lang='grc' dir='ltr'><strong>νηὶ</strong></span> <span class='ocrx_word' id='word_1_240' title='bbox 760 4094 886 4146; x_wconf 77' lang='lat' dir='ltr'><strong>batesme</strong></span> 
     </span>
     <span class='ocr_line' id='line_1_44' title="bbox 439 4175 1024 4242; baseline 0.005 -14"><span class='ocrx_word' id='word_1_241' title='bbox 439 4177 506 4228; x_wconf 78' lang='lat' dir='ltr'><strong>Doit</strong></span> <span class='ocrx_word' id='word_1_242' title='bbox 521 4189 639 4228; x_wconf 77' lang='lat' dir='ltr'><strong>cascuns</strong></span> <span class='ocrx_word' id='word_1_243' title='bbox 656 4176 749 4228; x_wconf 85' lang='lat' dir='ltr'><strong>croire</strong></span> <span class='ocrx_word' id='word_1_244' title='bbox 767 4190 840 4242; x_wconf 87' lang='lat' dir='ltr'>pour</span> <span class='ocrx_word' id='word_1_245' title='bbox 856 4175 898 4229; x_wconf 90' lang='lat' dir='ltr'><strong>lui</strong></span> <span class='ocrx_word' id='word_1_246' title='bbox 916 4190 1024 4231; x_wconf 85' lang='lat' dir='ltr'><strong>mesme</strong></span> 
     </span>
     <span class='ocr_line' id='line_1_45' title="bbox 306 4258 863 4322; baseline -0.002 -11"><span class='ocrx_word' id='word_1_247' title='bbox 306 4258 401 4311; x_wconf 72' lang='grc'><strong>00020.</strong></span> <span class='ocrx_word' id='word_1_248' title='bbox 437 4258 475 4310; x_wconf 80' lang='lat' dir='ltr'><strong>Et</strong></span> <span class='ocrx_word' id='word_1_249' title='bbox 491 4258 518 4311; x_wconf 88' lang='lat' dir='ltr'><strong>le</strong></span> <span class='ocrx_word' id='word_1_250' title='bbox 536 4261 695 4311; x_wconf 66' lang='lat' dir='ltr'><strong>sacrament</strong></span> <span class='ocrx_word' id='word_1_251' title='bbox 711 4260 747 4311; x_wconf 84' lang='lat' dir='ltr'><strong>de</strong></span> <span class='ocrx_word' id='word_1_252' title='bbox 764 4258 863 4322; x_wconf 79' lang='lat' dir='ltr'>lautel,</span> 
     </span>
     <span class='ocr_line' id='line_1_46' title="bbox 435 4340 948 4407; baseline -0.002 -14"><span class='ocrx_word' id='word_1_253' title='bbox 435 4340 495 4402; x_wconf 75' lang='lat' dir='ltr'><strong>Quo</strong></span> <span class='ocrx_word' id='word_1_254' title='bbox 514 4355 566 4394; x_wconf 89' lang='lat' dir='ltr'><strong>nus</strong></span> <span class='ocrx_word' id='word_1_255' title='bbox 583 4355 639 4392; x_wconf 90' lang='lat' dir='ltr'><strong>non</strong></span> <span class='ocrx_word' id='word_1_256' title='bbox 656 4343 751 4407; x_wconf 85' lang='lat' dir='ltr'><strong>poroit</strong></span> <span class='ocrx_word' id='word_1_257' title='bbox 768 4343 841 4394; x_wconf 77' lang='lat' dir='ltr'>taire</span> <span class='ocrx_word' id='word_1_258' title='bbox 860 4341 948 4405; x_wconf 81' lang='lat' dir='ltr'>autel,</span> 
     </span>
     <span class='ocr_line' id='line_1_47' title="bbox 438 4423 1008 4493; baseline 0.002 -17"><span class='ocrx_word' id='word_1_259' title='bbox 438 4424 474 4477; x_wconf 84' lang='lat' dir='ltr'><strong>Se</strong></span> <span class='ocrx_word' id='word_1_260' title='bbox 490 4425 613 4490; x_wconf 82' lang='lat' dir='ltr'><strong>priestre</strong></span> <span class='ocrx_word' id='word_1_261' title='bbox 630 4425 659 4476; x_wconf 79' lang='lat' dir='ltr'><strong>et</strong></span> <span class='ocrx_word' id='word_1_262' title='bbox 677 4423 769 4476; x_wconf 85' lang='lat' dir='ltr'>Dieux</span> <span class='ocrx_word' id='word_1_263' title='bbox 786 4425 919 4478; x_wconf 76' lang='lat' dir='ltr'><strong>meismes</strong></span> <span class='ocrx_word' id='word_1_264' title='bbox 937 4439 1008 4493; x_wconf 82' lang='lat' dir='ltr'>non3</span> 
     </span>
     <span class='ocr_line' id='line_1_48' title="bbox 438 4505 878 4572; baseline 0.005 -14"><span class='ocrx_word' id='word_1_265' title='bbox 438 4505 489 4560; x_wconf 82' lang='lat' dir='ltr'><strong>Tel</strong></span> <span class='ocrx_word' id='word_1_266' title='bbox 508 4506 536 4559; x_wconf 87' lang='lat' dir='ltr'><strong>le</strong></span> <span class='ocrx_word' id='word_1_267' title='bbox 553 4507 689 4558; x_wconf 75' lang='lat' dir='ltr'><strong>oomande</strong></span> <span class='ocrx_word' id='word_1_268' title='bbox 705 4506 727 4558; x_wconf 89' lang='lat' dir='ltr'><strong>il</strong></span> <span class='ocrx_word' id='word_1_269' title='bbox 743 4519 796 4572; x_wconf 72' lang='lat' dir='ltr'><strong>par</strong></span> <span class='ocrx_word' id='word_1_270' title='bbox 811 4521 878 4561; x_wconf 89' lang='lat' dir='ltr'><strong>non.</strong></span> 
     </span>
     <span class='ocr_line' id='line_1_49' title="bbox 438 4587 1008 4659; baseline 0.009 -18"><span class='ocrx_word' id='word_1_271' title='bbox 438 4588 494 4650; x_wconf 77' lang='lat' dir='ltr'><strong>Qui</strong></span> <span class='ocrx_word' id='word_1_272' title='bbox 509 4587 558 4642; x_wconf 84' lang='lat' dir='ltr'><strong>nel</strong></span> <span class='ocrx_word' id='word_1_273' title='bbox 576 4589 659 4652; x_wconf 80' lang='lat' dir='ltr'>croit,</span> <span class='ocrx_word' id='word_1_274' title='bbox 677 4590 741 4641; x_wconf 77' lang='lat' dir='ltr'><strong>nest</strong></span> <span class='ocrx_word' id='word_1_275' title='bbox 756 4601 845 4656; x_wconf 68' lang='lat' dir='ltr'><strong>prcus</strong></span> <span class='ocrx_word' id='word_1_276' title='bbox 860 4602 899 4643; x_wconf 80' lang='lat' dir='ltr'><strong>ne</strong></span> <span class='ocrx_word' id='word_1_277' title='bbox 914 4602 1008 4659; x_wconf 69' lang='lat' dir='ltr'><strong>m,</strong></span> 
     </span>
    </p>
   </div>
   <div class='ocr_carea' id='block_1_5' title="bbox 310 4669 936 4740">
    <p class='ocr_par' dir='ltr' id='par_1_5' title="bbox 310 4669 936 4740">
     <span class='ocr_line' id='line_1_50' title="bbox 310 4669 936 4740; baseline 0.006 -16"><span class='ocrx_word' id='word_1_278' title='bbox 310 4669 404 4724; x_wconf 80' lang='lat'><strong>29025.</strong></span> <span class='ocrx_word' id='word_1_279' title='bbox 440 4672 512 4725; x_wconf 66' lang='lat' dir='ltr'><strong>Aine</strong></span> <span class='ocrx_word' id='word_1_280' title='bbox 528 4685 594 4725; x_wconf 75' lang='lat' dir='ltr'>sera</span> <span class='ocrx_word' id='word_1_281' title='bbox 610 4671 727 4738; x_wconf 62' lang='lat' dir='ltr'><strong>pimus</strong></span> <span class='ocrx_word' id='word_1_282' title='bbox 743 4675 773 4726; x_wconf 82' lang='lat' dir='ltr'><strong>et</strong></span> <span class='ocrx_word' id='word_1_283' title='bbox 790 4672 936 4740; x_wconf 74' lang='lat' dir='ltr'><strong>dampnes.</strong></span> 
     </span>
    </p>
   </div>
   <div class='ocr_carea' id='block_1_6' title="bbox 0 0 1598 5340">
    <p class='ocr_par' dir='ltr' id='par_1_6' title="bbox 0 0 1598 5340">
     <span class='ocr_line' id='line_1_51' title="bbox 0 0 1598 5340; baseline 0 1"><span class='ocrx_word' id='word_1_284' title='bbox 0 0 1598 5340; x_wconf 95' lang='lat' dir='ltr'><strong> </strong></span> 
     </span>
    </p>
   </div>
  </div>
 </body>
</html>
