3188 5340
581 484 685 539 ANNO
704 482 768 536 1418
1244 487 1294 543 2oe

55 645 276 710 periculosiora
295 648 412 713 possent
430 648 529 714 sequi3
550 648 657 700 idcireo
674 650 709 700 ad
721 648 924 702 exaltationem
936 650 1002 703 fidei
1019 652 1049 703 et
1065 652 1193 704 veritatis
1204 654 1292 706 mani·

57 731 254 783 testacionem
264 732 295 784 in
306 730 361 784 bac
376 732 468 797 parte,
478 734 684 785 communicato
701 733 820 785 consilio
831 734 986 786 multorum
994 735 1024 787 in
1034 737 1133 788 eadem
1145 735 1294 801 theologis

59 814 92 865 et
108 815 202 866 sacris
219 815 376 867 canonibus
392 815 595 882 magistrorum
615 817 645 868 et
664 817 822 878 doctorum,
835 831 944 869 necnon
961 817 1082 870 aliorum
1094 819 1250 884 peritorum
1264 820 1294 870 et

59 895 265 960 discretorum,
285 911 338 964 per
363 895 436 949 hanc
465 900 590 951 nostram
614 899 794 950 diffinitiuam
815 900 996 963 sententiam,
1026 913 1109 964 quam
1138 913 1191 964 per
1216 899 1292 951 vocis

62 992 208 1045 organum
227 981 457 1032 reverendissimi
474 982 564 1045 patris
576 982 682 1032 domini
700 979 849 1042 iohannis,
862 981 1023 1046 patriarche
1035 981 1293 1045 Constantinopoli·

63 1061 136 1125 tani,
149 1063 179 1112 et
188 1062 224 1112 de
235 1064 333 1114 nostro
342 1076 480 1114 consensu
490 1064 519 1114 et
531 1062 684 1123 voluntate,
696 1076 805 1113 necnon
817 1063 903 1113 etiam
913 1064 994 1127 justa
1003 1063 1229 1113 commissionem
1241 1075 1293 1125 per

64 1141 211 1194 dominam
233 1146 363 1196 nostrum
380 1158 482 1210 papam
500 1145 654 1197 Martinam
674 1147 732 1195 tam
750 1147 813 1197 vine
825 1148 902 1197 vocis
922 1147 1037 1199 oraculo
1058 1149 1088 1198 et
1099 1148 1128 1198 in
1138 1147 1292 1198 audientiis

64 1223 123 1274 suis
134 1223 258 1288 publicis
275 1239 360 1291 quam
372 1226 402 1277 in
419 1227 533 1292 scriptis
549 1229 653 1278 iactam
673 1228 791 1278 ierimus
803 1229 833 1280 in
851 1228 907 1293 hijs
927 1229 1050 1293 scriptis,
1063 1229 1290 1293 pronuntiamus,

64 1304 247 1370 decernimus
267 1309 297 1359 et
317 1308 494 1360 declaramus
517 1310 658 1374 prelatum
681 1311 851 1376 magistrum
879 1310 1029 1363 Nicolaum
1049 1310 1097 1361 hic
1119 1313 1291 1374 presentem,

64 1400 161 1439 eoram
173 1389 257 1441 nobis
267 1391 360 1456 ipsum
378 1391 514 1456 populum
531 1394 561 1444 ct
579 1393 725 1457 potissime
743 1392 895 1458 simplices,
906 1393 935 1443 in
953 1393 1069 1444 ciuitate
1087 1394 1116 1442 et
1133 1392 1293 1443 diocesibus

63 1469 212 1537 prcdlctis,
230 1483 283 1535 per
291 1470 453 1525 huiusmodi
470 1477 617 1538 protensas
629 1476 838 1540 predicationes
851 1476 880 1526 ct
889 1473 1141 1540 dogmatizationcs
1151 1472 1294 1525 tallaciter

63 1551 204 1615 demisse,
217 1553 351 1606 iniecisse
368 1557 398 1607 et
415 1555 444 1606 in
462 1557 626 1608 scandalum
644 1558 764 1609 ecclesie
784 1560 814 1609 et
834 1558 933 1608 contra
951 1556 1101 1607 veritatem
1120 1555 1187 1606 ndei
1208 1557 1293 1620 atque

64 1634 203 1686 bonorum
222 1649 334 1687 morum
350 1637 590 1702 periculosissime
608 1640 754 1691 seduxisse
772 1641 801 1691 et
822 1638 1018 1689 commouisse.

96 1739 109 1760 ·
120 1718 159 1770 Et
170 1719 238 1782 quia
247 1719 440 1782 quorumlibet
449 1721 618 1771 delictorum
630 1722 752 1784 qualitas
763 1723 792 1773 et
804 1721 947 1784 quantitas
959 1719 1157 1783 inspiciuntur,
1171 1718 1200 1769 et
1209 1718 1292 1782 Juxta

64 1799 129 1852 illas
153 1801 312 1865 penitentia
339 1802 490 1865 indicatur,
508 1803 573 1855 ideo
594 1805 718 1868 pensatis
741 1805 871 1855 omnibus
893 1802 1089 1854 interdicimus
1111 1801 1176 1862 sibi,
1200 1800 1292 1864 quoad

64 1881 179 1944 vixerit,
201 1882 332 1934 ciuitates
351 1885 381 1934 et
400 1884 527 1935 dioceses
548 1885 756 1936 Tornaccnsem
778 1887 806 1935 et
824 1885 1058 1935 Cameracensem
1078 1883 1246 1943 antedictas,
1264 1884 1293 1933 et

64 1977 178 2015 omnem
196 1965 345 2030 regionem
356 1966 576 2030 circumquaque
588 1968 751 2032 contiguam
770 1967 846 2017 inira
857 1966 977 2030 triginta
993 1965 1099 2025 leucas,
1113 1977 1146 2015 ac
1157 1963 1293 2015 diocesim

63 2049 91 2097 et
103 2044 252 2098 ciuitatem
262 2047 455 2099 parisiensem
465 2063 517 2112 per
528 2049 626 2100 decem
644 2064 742 2111 annos,
757 2063 774 2100 a
791 2048 837 2099 die
856 2047 1062 2112 acceptacionis
1073 2046 1217 2097 sentencie
1229 2059 1293 2097 con·

62 2128 142 2179 tinne
155 2131 398 2192 numerandos,ne
411 2132 445 2181 ad
458 2145 507 2182 ess
516 2133 648 2196 deinceps
661 2132 776 2183 accedat
787 2131 831 2182 vel
843 2131 917 2194 ipsas
929 2130 1062 2194 attingat,
1068 2129 1169 2192 quouis
1181 2129 1291 2191 quesito

62 2210 172 2276 colore,
196 2211 249 2262 sub
271 2225 346 2277 pena
372 2217 509 2278 perpetue
533 2214 780 2275 incarceracionis,
806 2214 867 2263 sinc
890 2226 940 2276 spe
965 2211 1085 2262 alicuius
1105 2211 1290 2272 remissionis,

61 2294 283 2359 remissionique
292 2297 328 2346 ad
337 2295 482 2348 brachium
495 2295 633 2360 seculare,
644 2300 782 2360 quatenus
789 2297 864 2360 juris
875 2295 973 2359 scripti
984 2294 1052 2345 ordo
1063 2293 1117 2344 hoc
1125 2293 1293 2357 exposceret

61 2377 124 2428 siue
136 2378 327 2441 permitteret,
341 2392 450 2430 necnon
464 2379 527 2443 aiijs
538 2380 610 2443 juris
622 2380 703 2443 penis
715 2380 950 2442 quibuscumque,
964 2390 1033 2440 quas
1045 2390 1078 2428 eo
1091 2376 1152 2439 ipso
1164 2374 1292 2425 incurrat

62 2462 91 2509 et
103 2458 262 2511 incurrisse
274 2462 417 2522 noscatur,
431 2462 454 2511 si
464 2463 564 2512 contra
573 2462 683 2512 iecerit,

97 2562 111 2584 ι
122 2539 241 2603 Verum,
254 2543 321 2606 quia
333 2556 368 2594 ex
387 2543 530 2594 nonnullis
543 2544 714 2594 coniecturis
725 2544 755 2594 et
767 2543 856 2608 signis
865 2541 1055 2593 exterioribus
1068 2540 1148 2590 nobis
1160 2539 1293 2603 apparuit

62 2626 91 2676 ct
102 2626 226 2689 apparet
237 2624 272 2676 dc
285 2626 431 2688 premissis
451 2627 596 2678 erroribus
609 2628 638 2677 et
655 2626 718 2690 alijs
736 2625 877 2676 scandalis
896 2626 926 2675 et
945 2623 1060 2675 offensis
1072 2636 1123 2687 per
1140 2635 1204 2673 eum
1217 2635 1291 2673 com·

61 2706 159 2756 missis
167 2706 370 2757 contritionem
381 2705 489 2758 habere
506 2710 535 2758 et
552 2712 752 2772 compunctum
765 2721 836 2768 esse,
850 2708 879 2757 et
890 2719 992 2770 penam
1004 2707 1088 2767 atque
1104 2703 1290 2767 penitentiam

60 2801 114 2853 per
123 2802 176 2838 nos
185 2788 240 2839 sibi
250 2801 301 2853 pro
312 2789 469 2839 commissis
479 2791 631 2853 propterea
641 2789 795 2840 salubriter
804 2789 1004 2852 imponendam
1013 2800 1043 2837 se
1053 2784 1126 2836 velle
1136 2785 1290 2849 suscipere,

59 2884 173 2920 necnon
197 2884 249 2934 pro
272 2872 381 2922 viribus
405 2872 571 2936 adimplere,
594 2876 623 2923 et
635 2872 709 2935 quod
723 2871 758 2923 ad
771 2870 825 2921 hoc
837 2870 923 2921 etiam
941 2869 1040 2932 sponte
1054 2882 1084 2918 se
1101 2867 1241 2930 submisit,
1261 2871 1291 2918 et

60 2953 235 3017 scripturam
252 2967 337 3018 super
349 2952 403 3004 hoc
423 2955 612 3018 conscriptam
633 2969 718 3005 manu
736 2968 787 3004 sua
806 2953 923 3017 propria
940 2965 970 3002 se
987 2949 1153 3013 subscripsit
1171 2949 1201 2999 in
1212 2949 1289 2999 testi·

60 3034 191 3085 monium
204 3035 345 3099 veritatis3
360 3037 446 3087 etiam
467 3037 698 3088 consideracione
711 3035 881 3087 venerabilis
894 3034 983 3098 patris
992 3032 1098 3083 domiui
1107 3029 1251 3097 generalis
1260 3033 1289 3081 et

60 3119 258 3180 procuratoris
278 3118 346 3169 dicti
373 3120 491 3182 ordinis,
513 3134 543 3169 se
564 3120 720 3183 prudenter
739 3117 999 3182 interponentium
1023 3115 1176 3178 eapropter
1196 3114 1287 3176 ipsum

60 3200 234 3265 magistrum
255 3200 404 3251 Nicolaum
425 3202 592 3266 Serrurarij,
617 3202 651 3251 ad
670 3199 964 3252 anathematizandum
987 3197 1239 3258 detestandumque
1259 3197 1289 3245 et

61 3281 258 3332 reuocandum
268 3283 358 3333 dictos
377 3284 483 3348 .xxviij.
497 3284 633 3334 articulos
643 3284 725 3346 juxta
742 3284 864 3333 iormam
885 3281 1004 3331 interius
1015 3280 1178 3330 adnotatam
1189 3277 1286 3340 etjam

61 3363 158 3427 primo
169 3363 273 3416 lectam
291 3365 433 3416 demente
452 3367 481 3416 et
499 3379 636 3416 consensu
650 3366 790 3416 dictorum
803 3364 982 3413 dominorum
993 3361 1119 3425 judicum
1137 3363 1167 3410 ct
1183 3360 1287 3423 preiati

60 3444 171 3496 domini
189 3446 350 3509 patriarche
363 3447 667 3511 Constantinopolitani
680 3447 811 3511 specialis
823 3444 1007 3508 commissarii
1021 3445 1120 3493 contra
1131 3441 1288 3505 predictam

60 3529 171 3578 sectam
180 3528 318 3591 deputati,
329 3531 528 3581 coneordatam
541 3530 653 3593 publice
663 3532 691 3580 et
704 3529 878 3589 solemniter,
888 3538 1007 3578 vnacum
1017 3525 1146 3575 doctrina
1155 3524 1287 3587 dampna·

59 3611 159 3660 torum
170 3609 310 3662 lobannis
327 3611 453 3676 Wycleil
463 3614 491 3663 ct
502 3612 642 3663 iohannis
660 3613 754 3663 Huuss
766 3614 905 3662 eteorum
926 3608 1097 3671 sequacium,
1118 3606 1287 3657 auctoritate

57 3691 146 3743 nobis
168 3693 197 3742 in
215 3691 268 3744 hac
285 3695 366 3757 parte
384 3708 436 3758 per
448 3695 538 3758 ipsam
556 3696 764 3745 sacrosanctam
785 3693 923 3758 synodum
940 3692 969 3741 et
992 3691 1137 3739 dominum
1159 3690 1287 3738 nostrum

57 3790 166 3842 papam
179 3776 338 3836 commissa,
360 3777 446 3827 ctiam
470 3778 499 3827 in
519 3778 576 3826 vim
589 3777 784 3827 submissionis
805 3789 854 3825 sue
866 3775 946 3839 juxta
963 3786 1047 3835 quam
1059 3772 1134 3821 visus
1146 3772 1189 3821 est
1201 3769 1287 3820 etiam

58 3859 160 3911 animo
182 3859 254 3909 bene
278 3858 435 3910 deliberato
456 3860 618 3924 appetijsse,
642 3860 671 3910 et
693 3874 723 3909 se
741 3861 837 3909 iacere
855 3855 930 3906 selle
953 3854 1132 3918 imponenda,
1156 3852 1288 3903 duximus

58 3941 272 3993 admittendum
284 3943 313 3991 et
330 3941 423 4005 ipsum
435 3943 469 3992 ad
482 3942 624 4008 gremium
642 3944 738 3992 sancte
750 3941 850 3990 matris
867 3938 987 3989 ecclesie
1007 3936 1109 3987 deuote
1122 3935 1288 3986 redeuntem

57 4023 244 4087 suscipimus,
257 4025 287 4074 et
296 4024 330 4074 ab
340 4013 641 4075 'excommunicationis
659 4023 804 4075 sentencia
815 4021 1001 4083 omnibusque
1013 4017 1076 4082 alijs
1088 4017 1288 4069 ecclesiasticis

57 4106 193 4157 censuris
204 4106 234 4156 ct
249 4105 340 4170 penis,
359 4106 460 4169 quibus
478 4109 630 4171 propterca
642 4108 707 4157 ante
725 4104 797 4155 hanc
810 4106 936 4154 nostram
951 4101 1121 4152 sententiam
1139 4099 1288 4150 tenebatur

55 4187 207 4250 astrictus,
228 4188 412 4250 absoluimus,
434 4191 553 4253 excepta
570 4188 747 4239 correctione
769 4185 898 4252 regulari
909 4185 954 4235 sui
976 4183 1093 4244 ordinis,
1118 4189 1147 4232 et
1166 4180 1288 4232 eundem

54 4271 312 4322 communicationi
324 4271 387 4322 siue
399 4272 590 4323 communioni
602 4270 721 4321 ecclesie
742 4267 968 4327 reconciliamus,
982 4266 1006 4315 si
1018 4266 1121 4328 tamen,
1135 4265 1163 4313 vt
1175 4262 1286 4326 asserit,

53 4353 99 4406 ad
111 4365 176 4405 cam
188 4367 261 4418 puro
273 4354 359 4406 corde
371 4354 490 4405 redierit
499 4355 528 4405 et
539 4353 736 4418 permanserit,
751 4355 780 4403 et
791 4349 978 4416 penitentiam
990 4360 1073 4411 quam
1086 4360 1137 4396 nos
1149 4345 1203 4396 sibi
1216 4342 1287 4395 saiu-

54 4435 156 4488 briter
167 4435 343 4503 iniungimus
351 4437 507 4503 peregerit,
520 4449 616 4488 secum
625 4436 655 4486 in
663 4433 717 4486 hac
727 4435 808 4499 parte
816 4429 1040 4484 misericorditer
1047 4428 1120 4492 juris
1129 4429 1289 4491 temperare

54 4532 115 4572 seu
136 4518 273 4586 mitigare
299 4519 428 4586 rigorem
451 4518 577 4572 volentes
603 4517 789 4584 penitentiam
808 4516 862 4568 sibi
887 4512 1085 4578 imponendam
1109 4510 1240 4562 duximus
1260 4510 1289 4560 et
