3188 5340
717 112 821 167 ANNO
840 113 904 166 1384
1378 118 1424 173 151

231 276 341 337 Quibus
361 276 475 339 auditis,
495 277 633 344 magister
647 270 787 331 (ierardns
810 279 940 345 Magnus,
965 280 1009 332 vir
1031 280 1061 332 in
1087 281 1236 346 scripturis
1258 280 1371 344 divinis,
1392 284 1423 335 in

200 356 309 412 iuribus
332 362 362 413 et
379 360 410 413 in
429 359 543 428 legibus
565 361 699 427 omnique
716 363 859 415 mundans
877 361 1013 416 facultate
1033 363 1250 426 eruditissimus,
1274 365 1423 417 ambonem

202 439 352 495 Daventrie
360 442 552 496 conscendens
564 444 641 509 ipsos
651 443 747 510 palam
760 445 919 511 redarguit,
929 443 1045 511 publice
1055 443 1189 496 falsitatis
1198 444 1272 497 male
1281 445 1422 512 propalati

202 525 305 578 erroris
317 526 349 578 et
359 539 416 578 non
427 539 495 580 sane
507 526 638 579 doctrine
648 526 856 584 declamatores
868 542 917 579 eos
933 527 1023 581 iuisse
1035 525 1207 580 denuncians
1219 527 1383 595 evangelica
1394 531 1424 582 et

202 607 356 675 apostolica
372 608 496 674 probans
516 609 694 671 auctoritate,
708 609 796 662 vitam
809 622 909 661 eorum
920 611 950 662 et
972 611 1220 662 conversacionem
1232 623 1370 674 nusquam
1387 614 1422 664 ab

201 691 320 747 ecclesia
333 691 387 743 Dei
396 691 587 757 reprobatam,
599 691 648 743 sed
658 691 692 743 ab
705 691 791 742 inicio
804 690 1021 744 christianitatis
1033 704 1122 756 usque
1135 692 1164 743 in
1182 704 1299 756 presens
1310 705 1423 758 semper

199 776 339 828 servatam
356 776 386 826 et
397 772 585 826 collaudatam
597 787 631 825 sc
649 786 716 825 vcro
734 771 928 838 evangelicam
940 775 970 825 et
992 773 1184 839 apostolicam,
1202 787 1255 825 nec
1273 774 1422 827 Clementi·

199 873 260 912 nam
272 872 329 911 nec
338 856 396 910 alis
405 868 570 922 quecunque
582 855 647 906 iura
658 854 850 907 ecclesiastica
862 855 907 907 vel
919 855 1015 908 divina
1025 855 1127 908 horum
1136 855 1308 909 laudabilem
1320 860 1349 909 et
1360 858 1420 910 Deo

197 943 342 1007 acceptam
353 938 600 991 conversacionem
613 950 747 1002 umquam
765 938 991 1004 reprehendisse,
1010 939 1042 989 ut
1061 939 1115 1004 ipsi
1135 937 1208 991 laiso
1228 940 1420 1004 predicavere,

197 1024 243 1076 sed
254 1021 341 1075 valde
353 1023 452 1087 aperie
463 1023 492 1073 et
503 1032 638 1085 expresse
655 1033 768 1086 semper
780 1019 963 1092 collaudante.

225 1107 287 1159 Per
299 1104 507 1160 clementinam
520 1103 598 1155 enim
609 1101 655 1156 id
670 1109 800 1155 nosram
811 1103 846 1154 de
857 1102 992 1163 hereticis
1008 1105 1197 1169 reprobantur
1208 1104 1358 1170 Bachardi,
1371 1105 1420 1171 qui

195 1189 277 1257 pueri
290 1187 336 1241 val
345 1189 450 1240 iratres
462 1187 548 1239 liberi
559 1185 832 1252 spirltusvooantur,
843 1187 963 1249 eoquod
984 1190 1090 1239 sectam
1106 1186 1230 1239 habeant
1245 1187 1420 1254 singularem

194 1287 258 1325 cum
270 1272 336 1324 octo
361 1269 490 1322 articulis
512 1268 633 1321 multum
657 1267 785 1320 erroneis
808 1268 874 1319 fidei
894 1269 924 1319 et
943 1268 1072 1321 doctrine
1093 1269 1247 1322 christiane
1269 1272 1420 1323 contrariis

193 1354 301 1407 ibidem
313 1352 445 1417 speciilce
457 1351 611 1416 expressis,
625 1350 700 1402 unde
712 1351 742 1402 et
753 1363 770 1401 a
782 1350 881 1402 sancta
890 1349 1011 1403 ecclesia
1022 1352 1124 1403 merito
1135 1353 1201 1402 sunt
1211 1351 1418 1418 condempnati.

192 1431 354 1486 Presbiteri
374 1431 469 1482 autem
490 1430 519 1481 et
530 1428 629 1481 clerici
641 1429 746 1494 prelati
764 1441 856 1492 neque
877 1426 1020 1481 Bachardi
1040 1443 1131 1495 neque
1149 1429 1277 1483 Lullardi
1288 1433 1355 1483 sunt
1370 1433 1420 1484 aut

192 1527 319 1580 unquam
330 1513 446 1565 luerunt
462 1524 515 1563 nec
532 1510 657 1576 aliquam
676 1507 706 1562 in
725 1523 756 1562 se
777 1513 885 1563 sectam
908 1512 1023 1563 omnino
1048 1511 1218 1575 habuerunt,
1241 1512 1290 1564 scd
1307 1527 1420 1580 semper

192 1586 411 1651 sacerdotaliter
419 1595 448 1647 et
467 1592 641 1646 clericaliter
651 1593 732 1645 iuxta
744 1594 817 1645 iuris
834 1593 1055 1659 disposicionem
1071 1595 1204 1648 vixerunt
1214 1599 1243 1648 et
1254 1597 1351 1652 vivunt
1361 1611 1418 1649 uon

191 1678 389 1740 mendicando,
410 1677 459 1729 sed
476 1677 605 1728 manibus
623 1675 791 1739 laborando,
814 1678 900 1742 prout
917 1676 1017 1729 modus
1040 1678 1101 1743 ipse
1118 1678 1230 1730 vivendi
1250 1679 1419 1732 auctoritate

191 1763 347 1818 clementis
369 1774 442 1826 pape
462 1759 498 1812 ad
516 1759 655 1811 iacobum
676 1759 708 1809 iu
721 1758 873 1811 decretisa
896 1761 1071 1825 presbyteris
1089 1762 1117 1812 et
1135 1759 1247 1812 clericis
1263 1762 1417 1815 servandus

190 1848 291 1913 aperte
302 1844 483 1909 describitur,
496 1855 580 1894 causa
592 1841 673 1903 xiia,
684 1842 834 1906 questione
846 1842 950 1907 prims,
963 1842 1087 1909 capitulo
1095 1831 1295 1896 Dtbctbsena.
1467 1854 1470 1859 ·

221 1931 278 1982 Per
289 1927 496 1982 clementinam
507 1938 574 1976 vcro
588 1921 658 1977 cum
677 1921 712 1975 dc
729 1921 897 1991 quibusdam
921 1927 951 1977 et
973 1926 1205 1992 extravagantem
1221 1925 1263 1978 Dc
1281 1925 1418 1995 religiosis

188 2010 498 2076 mememoratur
517 2008 607 2059 status
618 2007 806 2071 quarumdam
831 2006 994 2070 mulierum,
1015 2021 1070 2072 que
1082 2008 1162 2072 quasi
1179 2009 1209 2061 in
1226 2010 1330 2062 mentis
1342 2011 1415 2063 insa·

189 2098 266 2148 niam
277 2093 414 2161 perducta
426 2091 461 2143 de
473 2102 584 2142 summa
594 2089 737 2142 Trinitato
749 2089 822 2141 etde
832 2089 928 2140 divina
941 2091 1068 2143 assencis
1076 2091 1220 2156 disputant
1231 2093 1260 2144 et
1268 2093 1417 2158 predicant

187 2178 329 2231 etcontra
339 2175 408 2227 ndei
418 2173 554 2226 meaios
566 2173 595 2224 et
614 2171 808 2224 ecclesiastica
832 2176 1011 2224 sacramenta
1031 2173 1179 2238 opiniones
1196 2175 1263 2226 iidci
1275 2173 1415 2228 catholice

187 2259 347 2312 contrarias
372 2254 555 2309 introducunt
584 2253 614 2305 et
629 2252 735 2303 multos
758 2251 902 2318 simplices
927 2266 1013 2319 super
1032 2253 1088 2306 hiis
1110 2255 1284 2320 decipientes
1312 2269 1361 2309 eos
1384 2257 1414 2310 in

187 2356 303 2397 errores
319 2343 446 2394 diversos
463 2337 601 2391 inducunt
617 2335 730 2401 aliaque
747 2336 884 2402 perplura
906 2335 1066 2403 periculum
1087 2337 1244 2388 animarum
1268 2339 1414 2404 pariensis

187 2426 239 2478 sub
252 2424 376 2490 quodam
392 2422 533 2475 velamine
550 2420 709 2472 sanctitatis
726 2421 835 2472 iaciunt
852 2423 881 2473 et
897 2420 1085 2473 committunt.
1108 2419 1192 2472 Tales
1208 2419 1334 2487 Baginas
1351 2435 1414 2475 esse

186 2510 216 2561 et
228 2509 259 2561 in
271 2521 362 2560 unum
373 2505 502 2559 hahitare
513 2503 713 2570 prohibentur,
726 2517 796 2569 quas
808 2504 837 2555 et
855 2518 906 2556 nos
918 2504 1020 2556 merito
1036 2503 1234 2569 prosequimur
1246 2505 1275 2556 et
1287 2505 1413 2558 detesta-

185 2605 261 2654 mur,
274 2590 409 2657 quoniam
421 2588 507 2654 digne
519 2587 585 2637 sunt
601 2586 856 2638 exterminacione.

217 2673 385 2726 Istoautem
405 2671 504 2724 devote
523 2680 636 2720 sorores
656 2669 732 2730 sunt,
745 2668 780 2719 dc
800 2669 903 2733 quihus
920 2669 951 2720 in
972 2668 1071 2721 eadem
1092 2666 1268 2721 clementina
1287 2668 1413 2723 iinaliter

184 2756 388 2822 subiungitur:
411 2753 507 2805 «Sane
518 2765 571 2818 per
580 2752 710 2819 predicta
726 2751 883 2819 prohibere
900 2767 956 2804 non
977 2751 1160 2816 intendimus,
1172 2754 1251 2818 quin,
1264 2754 1288 2806 si
1305 2755 1412 2807 luerint

185 2837 286 2890 fideles
297 2836 393 2901 alique
404 2833 548 2898 mulieres,
566 2848 631 2899 que,
643 2835 784 2900 promissa
804 2835 984 2887 continencia
1003 2835 1048 2886 vel
1071 2833 1162 2887 eciam
1185 2849 1241 2888 non
1260 2838 1410 2904 promissa,

184 2919 305 2971 honeste
314 2918 344 2969 in
356 2916 415 2968 suis
427 2920 625 2971 conversantes
637 2919 774 2985 hospiciis
782 2919 974 2985 penitenciam
989 2932 1077 2986 agere
1086 2919 1228 2973 voluerint
1237 2923 1410 2975 etvirtutum

185 3000 309 3054 Domino
321 3001 351 3050 in
362 2997 532 3051 humilitatis
542 3001 644 3066 spiritu
657 3001 812 3064 deservire,
826 3001 880 3054 hoc
894 3002 1001 3054 eisdem
1018 3001 1114 3066 liceat,
1131 3006 1218 3070 prout
1233 3005 1303 3070 ipsis
1315 3005 1409 3058 Domi·

184 3098 239 3136 nus
257 3082 442 3149 inspirabit·

215 3165 364 3219 lohannes
388 3165 506 3229 insuper
527 3178 601 3231 papa
622 3167 772 3219 vicesimus
796 3167 944 3229 secundus,
970 3166 1212 3220 Clementinarum
1235 3171 1410 3236 preistarum

183 3250 294 3315 primus
302 3246 472 3312 publicator,
484 3248 514 3300 in
523 3262 574 3302 sua
585 3250 706 3314 quadam
719 3252 946 3318 extravangante
956 3253 992 3304 ad
1003 3253 1162 3319 Argentine
1174 3253 1293 3306 ecclesie
1304 3253 1408 3320 episco-

182 3345 250 3398 pum
262 3332 305 3382 sic
313 3331 413 3382 scribit
420 3331 497 3383 inter
508 3331 565 3384 alia
577 3347 583 3383 :
604 3352 615 3379 ι
627 3333 713 3385 Lecte
726 3347 822 3385 coram
833 3334 917 3385 nobis
932 3336 962 3386 et
978 3336 1116 3387 iratribus
1128 3336 1232 3387 nostris
1243 3338 1292 3388 tue
1308 3338 1409 3389 irater-

182 3414 282 3467 nitatis
291 3413 388 3467 littere
404 3415 587 3466 continebant
598 3428 660 3467 csse
673 3416 703 3466 in
722 3417 771 3467 tua
782 3416 897 3481 dyocesi
910 3420 939 3470 et
953 3417 982 3469 in
1000 3417 1131 3484 pluribus
1141 3417 1271 3470 Almanie
1282 3420 1410 3484 partibus

182 3490 320 3545 mulieres
332 3492 457 3559 Beginas
468 3495 655 3546 communiter
667 3494 826 3548 nominatas
846 3498 936 3549 status
957 3496 1110 3549 laudabilis
1127 3498 1157 3548 in
1175 3499 1317 3550 excessiva
1329 3500 1411 3565 copia

184 3577 267 3640 quasi
290 3574 477 3628 ducentorum
505 3575 616 3630 milium
640 3592 789 3631 numerum
809 3581 988 3644 excedentes,
1013 3594 1068 3644 que
1090 3594 1193 3633 nomen
1216 3580 1329 3633 Domini
1352 3594 1410 3632 non

182 3658 355 3724 recipientes
366 3658 398 3709 in
408 3671 521 3721 vanum,
533 3658 671 3713 humilem
690 3664 720 3714 et
731 3662 881 3715 honestum
902 3662 1042 3725 habitum,
1063 3664 1087 3714 si
1107 3665 1203 3716 tamen
1223 3662 1336 3714 habitus
1353 3663 1410 3715 dici

182 3740 296 3801 debeat,
315 3740 456 3804 deterunt,
469 3742 605 3795 virtutum
616 3746 646 3796 et
664 3745 874 3812 exemplarium
891 3746 1035 3798 actionum
1054 3746 1237 3799 odoramenta
1247 3746 1411 3812 parturiunt

182 3818 365 3883 carnalisque
383 3820 531 3885 spurciciis
545 3822 611 3874 dato
629 3824 749 3889 repudio
770 3823 945 3890 integritatis
965 3837 1067 3889 sponso
1084 3826 1250 3889 perpetuam
1261 3825 1410 3878 continen-

181 3903 257 3953 ciam
280 3903 426 3954 servantes
456 3903 583 3956 honestis
608 3905 784 3970 prelatorum
809 3920 925 3958 suorum
955 3905 1205 3959 exhortacionibus
1227 3907 1362 3960 obediunt
1381 3909 1411 3960 et

181 3984 336 4050 preceptis.
356 3983 480 4045 Quarum
492 3986 587 4052 alique
606 3987 691 4040 simul
708 3988 738 4039 in
750 3988 850 4040 eadem
862 3988 947 4041 domo
961 3989 996 4040 ad
1008 3988 1146 4039 maiorem
1164 3989 1262 4042 mutue
1272 3989 1411 4042 castitatis

182 4066 397 4118 observanciam
408 4068 603 4133 immorantur,
617 4069 821 4123 nichilominus
830 4071 925 4123 tamen
936 4071 1004 4133 vita,
1015 4070 1144 4122 moribus
1152 4071 1182 4122 et
1192 4071 1411 4124 conversacione

180 4149 346 4215 prestantes
358 4151 500 4205 seminare
512 4153 642 4207 nituntur
653 4155 683 4207 in
696 4154 952 4217 benedictionibus,
972 4152 1124 4220 quodcum
1145 4153 1240 4205 iructu
1259 4153 1411 4222 multiplici
