3188 5340
581 469 686 525 ANNO
705 469 768 522 laia
1233 471 1285 525 235

48 636 123 702 iure
134 634 270 688 mnonico
279 635 313 687 et
329 634 452 688 aliorum
462 633 702 700 iurisperitorum,
715 635 750 688 do
768 634 869 701 quibus
886 633 940 688 sibi
960 633 1112 698 videbitur,
1131 637 1282 691 confirmet

52 716 105 771 vel
127 717 275 783 infirmet3
297 731 362 770 oum
383 719 525 783 potestate
546 719 667 770 eandem
689 718 859 772 sententiam
886 719 1024 781 mutandi,
1050 719 1213 786 corrigendi
1236 720 1281 774 vel

54 800 237 864 moderandi,
249 801 335 866 prout
352 800 434 867 rigor
443 800 558 866 iusticie
577 800 644 852 fidei
664 799 804 853 catholiea
819 800 864 852 vel
884 801 994 865 equitas
1004 801 1078 865 juris
1094 802 1242 867 permittet
1251 805 1283 856 et

56 883 211 949 suadebit3
234 896 300 935 cum
317 884 459 948 potestate
477 882 598 936 eandem
617 882 708 935 eciam
731 883 901 936 sententiam
921 885 1021 936 contm
1039 884 1235 938 inobedientes
1252 887 1283 938 et

57 965 185 1019 rebelles
205 965 236 1018 in
258 965 339 1019 ouria
360 967 390 1019 et
410 965 494 1018 extra
512 966 682 1030 exequendi,
705 979 854 1031 processus
873 966 995 1031 desuper
1015 967 1199 1030 necessarios,
1216 981 1282 1020 cum

58 1047 281 1115 aggrsuacione,
292 1048 536 1116 reaggrauaoione
555 1050 586 1100 et
604 1048 701 1113 suxillj
720 1047 827 1114 brachii
848 1048 985 1101 secularis
1004 1048 1281 1103 inuocacionevnico

58 1133 206 1194 contextu,
226 1143 291 1182 oum
310 1130 470 1183 interuallis
489 1130 601 1183 dierum
620 1131 802 1193 decernendi,
822 1131 898 1183 dicta
917 1131 1115 1184 commissione
1126 1133 1157 1183 et
1174 1131 1239 1198 allis
1250 1131 1280 1186 in

58 1213 235 1267 contrarium
244 1212 414 1266 iacientibus
426 1227 482 1265 non
495 1213 672 1266 obstantibus
684 1213 915 1278 quibuscumque.
927 1235 940 1257 ι

92 1295 129 1349 In
145 1296 203 1349 tlne
215 1309 282 1348 vero
294 1294 371 1348 dicte
387 1296 593 1347 commissionis
604 1296 667 1348 siue
683 1296 902 1361 supplicacionis
919 1295 1019 1348 cednle
1031 1295 1138 1362 scripta
1153 1296 1236 1349 erant
1246 1296 1282 1349 de

44 1377 182 1432 'alterius
192 1392 294 1430 manus
302 1377 399 1431 littera
411 1378 552 1443 superiori
561 1378 659 1431 littere
670 1378 759 1444 ipsius
771 1379 870 1431 cedule
886 1378 1000 1443 penitus
1020 1381 1050 1430 et
1070 1378 1185 1433 omnino
1202 1377 1282 1432 dissi·

59 1459 123 1514 mili
133 1462 166 1514 et
172 1460 287 1514 diuersa
297 1459 350 1513 hec
360 1461 456 1525 verba,
468 1460 601 1513 videlicet
614 1475 620 1512 :

94 1563 109 1588 ι
122 1544 166 1597 De
176 1543 309 1596 mandato
328 1543 436 1595 domini
444 1543 535 1595 nostri
546 1556 620 1609 pape
631 1543 728 1596 audiat
745 1543 819 1595 idem
837 1542 1091 1596 reuerendissimus
1102 1546 1184 1609 pater
1195 1543 1283 1597 domi·

62 1640 117 1678 nus
136 1624 299 1688 cardinalis,
319 1628 350 1678 et
368 1626 393 1678 si
415 1625 471 1677 sibi
493 1625 654 1677 constiterit
678 1626 714 1678 de
736 1626 891 1690 premissis,
917 1627 1053 1691 procedat
1075 1640 1111 1680 ex
1133 1626 1226 1678 officio
1246 1627 1282 1679 ad

62 1709 312 1763 conflrmacionem
323 1706 368 1761 vel
388 1708 613 1760 infirmacionem
632 1709 707 1760 dicte
728 1709 878 1773 sententie,
901 1722 966 1760 cum
984 1709 1126 1774 potestate
1144 1708 1282 1770 mutandi,

61 1793 129 1854 ebe,
142 1791 314 1844 decernendi
325 1804 489 1857 processum
508 1791 596 1842 etiam
613 1805 677 1842 cum
697 1791 890 1853 inuocacione,
903 1792 969 1856 etc,
989 1790 1088 1844 electis
1107 1805 1159 1858 per
1171 1804 1236 1844 eum
1246 1792 1283 1844 ad

62 1873 267 1928 consulendum
278 1874 433 1940 magistris,
446 1874 481 1926 de
493 1873 595 1937 quibus
606 1874 661 1925 sibi
673 1874 824 1926 videbitur.
835 1897 848 1919 n

94 1957 184 2010 Cuius
195 1956 401 2008 commissionis
412 1957 511 2022 vigore
524 1969 574 2006 nos
586 1956 616 2007 in
628 1957 727 2009 eadem
744 1970 829 2009 causa
839 1957 896 2008 rite
907 1959 936 2010 et
947 1957 1076 2024 legitime
1086 1957 1288 2022 procedentes,-

62 2039 186 2094 seruatis
195 2039 343 2092 seruandis
351 2052 384 2091 ac
392 2039 538 2104 productis
547 2053 643 2092 coram
652 2040 734 2091 nobis
742 2039 865 2091 diuersis
873 2039 1011 2102 articulis,
1021 2039 1283 2102 internecionibus,

62 2121 252 2184 documentis,
264 2120 509 2186 relacionibusque
520 2123 642 2188 publicis
653 2124 683 2174 et
694 2120 917 2188 allegacionibus
928 2121 1036 2175 vicibus
1046 2122 1176 2188 repetitis
1187 2135 1282 2175 coram

63 2206 147 2258 nobis
167 2205 204 2257 ad
226 2203 342 2269 plenum
361 2203 466 2256 habitis
486 2207 516 2256 et
535 2205 617 2257 lactis
637 2218 689 2270 per
708 2203 837 2256 diuersos
855 2204 886 2256 in
905 2218 986 2256 sacra
997 2204 1103 2272 pagina
1122 2204 1284 2271 magistros,

62 2287 168 2341 deinde
192 2287 352 2352 comparuit
376 2288 405 2339 in
427 2287 534 2352 J'udioio
557 2300 654 2340 coram
679 2287 760 2338 nobis
785 2287 923 2353 magister
946 2285 1060 2353 symon,
1086 2288 1234 2353 promotor
1255 2289 1286 2340 et

62 2371 219 2438 instigator
235 2382 271 2422 ex
288 2370 382 2421 officio
403 2372 499 2422 nostro
519 2370 670 2434 deputatus
690 2369 720 2420 in
740 2367 901 2421 huiusmodi
913 2383 998 2422 causa
1017 2383 1052 2422 ac
1069 2369 1245 2435 promotorio
1256 2370 1287 2422 et

63 2452 247 2521 instigatorio
259 2452 431 2515 nominibus,
443 2455 473 2505 et
484 2455 620 2516 quantum
632 2453 662 2504 in
673 2465 708 2504 eo
720 2451 776 2502 luit
787 2452 817 2503 in
829 2450 883 2504 hac
894 2465 979 2504 causa
991 2450 1138 2514 conclusit,
1150 2453 1180 2504 et
1191 2465 1287 2505 secum

62 2537 93 2590 in
104 2537 208 2590 eedem
220 2533 360 2600 concludi,
377 2536 408 2587 et
424 2537 526 2600 expost
537 2535 718 2587 diffinitiuam
729 2535 900 2586 sententiam
912 2547 964 2599 pro
977 2535 1060 2599 parte
1071 2547 1122 2586 sua
1133 2533 1288 2600 inscriptis

62 2618 136 2672 terri
147 2618 179 2670 et
189 2616 366 2684 promulgari
375 2630 427 2682 per
438 2631 490 2669 nos
501 2617 597 2670 debita
615 2630 680 2669 cum
696 2617 832 2669 instantia
842 2615 1008 2682 postulauit.
1020 2617 1079 2669 Nos
1091 2618 1158 2669 tunc
1169 2630 1288 2669 vnacum

63 2701 140 2754 dicto
159 2700 300 2767 magistro
317 2700 439 2766 symone
457 2699 645 2752 concludente
665 2700 694 2752 et
705 2713 801 2752 secum
813 2696 943 2751 concludi
959 2699 1084 2767 petente,
1096 2699 1127 2750 in
1138 2698 1192 2751 hac
1203 2713 1289 2752 causa

63 2783 274 2847 conclusimus;
296 2784 326 2835 et
345 2783 458 2844 deinde,
482 2783 549 2834 visis
572 2783 704 2847 primitus
724 2783 754 2834 et
772 2780 928 2848 diligenter
947 2781 1083 2847 inspectis
1106 2782 1237 2834 omnibus
1259 2782 1290 2834 et

63 2865 187 2934 singolis
203 2864 285 2930 actis,
296 2865 431 2927 actitatis,
443 2864 558 2928 litteris,
577 2865 736 2930 seripturis,
747 2863 885 2926 articulis,
897 2863 1153 2929 proposicionibus,
1165 2877 1289 2928 respon-

63 2949 203 3011 sionibus,
216 2947 474 3010 inlormationibus,
483 2947 595 3012 juribus
604 2948 633 2999 et
642 2946 835 3009 munimentis,
845 2945 1016 3010 testiumque
1025 2945 1249 3011 depositionibus
1258 2945 1288 2996 in

64 3032 119 3086 hac
144 3043 232 3084 causa
255 3028 391 3083 exhibitis
412 3031 497 3094 atque
522 3029 678 3095 productis,
699 3029 797 3093 eisque
819 3042 883 3081 oum
903 3027 1053 3094 diligentia
1074 3029 1105 3080 et
1126 3028 1290 3081 maturitate

65 3114 163 3168 debita
173 3113 333 3174 recensitis,
346 3113 382 3165 de
394 3112 574 3164 diuersorum
591 3111 778 3177 prelatorum,
794 3111 1035 3176 iurisperitorum,
1047 3110 1250 3177 magistrorum
1260 3111 1290 3163 in

64 3209 147 3250 sacre
155 3195 263 3262 pagina
271 3197 301 3248 et
309 3195 455 3260 vtriusque
463 3195 535 3260 iuris
545 3195 703 3256 doctorum,
714 3193 795 3245 nobis
802 3206 854 3258 per
861 3194 1003 3258 prelatum
1009 3193 1154 3245 dominum
1162 3194 1291 3246 nostrum

65 3291 169 3346 pspam
185 3278 220 3330 in
232 3276 392 3330 huiusmodi
404 3292 489 3330 causa
510 3278 717 3342 deputatorum,
730 3290 763 3329 ac
782 3276 812 3327 in
824 3275 965 3328 sententia
984 3276 1082 3328 nostra
1099 3275 1289 3341 iniresoriptls

64 3361 197 3414 manibus
208 3373 307 3413 eorum
326 3360 450 3426 propriis
469 3360 703 3425 subscriptorum,
721 3360 751 3411 et
769 3357 970 3410 nonnullorum
990 3357 1111 3410 aliorum
1128 3356 1247 3409 consilio
1259 3359 1290 3411 et

66 3457 195 3505 mensu,
207 3443 311 3507 quibus
328 3444 364 3495 de
383 3439 545 3495 huiusmodi
557 3455 641 3496 cause
659 3441 769 3493 moritis
781 3440 951 3493 relationem
961 3440 1119 3506 plenariam
1130 3439 1249 3492 lecimus
1260 3442 1292 3492 et

66 3526 191 3587 fidelem,
201 3523 407 3590 prehabitaque
416 3538 502 3590 super
510 3525 656 3590 premissis
669 3522 874 3577 deliberatione
883 3523 1003 3585 matura,
1016 3521 1052 3573 ad
1060 3522 1186 3574 noemam
1197 3522 1227 3574 in
1236 3521 1290 3574 hac

65 3621 152 3662 causa
162 3607 345 3666 diffinitiuam
356 3609 557 3672 proterendam
573 3606 745 3660 sententiam
761 3605 961 3671 processimus,
978 3617 1097 3668 eamque
1113 3617 1166 3669 per
1178 3617 1222 3666 ea,
1235 3618 1291 3668 que

64 3691 188 3743 vidimus
198 3692 228 3743 et
244 3690 439 3756 cognouimus,
452 3690 482 3741 in
501 3690 614 3756 scriptis
626 3689 743 3742 tulimus
759 3690 789 3741 et
799 3686 1054 3754 promulgauimus,
1066 3701 1099 3740 ac
1110 3687 1291 3752 presentibus

66 3774 188 3826 ierimus
196 3773 226 3825 et
236 3772 450 3838 promulgamus
459 3773 489 3824 in
500 3771 576 3824 hunc
584 3772 698 3824 modum
710 3786 716 3822 :

99 3876 114 3900 ι
125 3854 240 3910 carmi
255 3867 361 3909 nonnus
372 3855 515 3917 inuocato,
525 3868 577 3919 pro
589 3853 724 3907 tribunali
736 3854 867 3906 sedentes
884 3854 914 3905 et
925 3852 1016 3905 solum
1034 3852 1125 3905 Deum
1135 3865 1188 3918 pre
1200 3850 1290 3904 oculis

65 3937 214 4000 babentes,
228 3936 295 3988 visis
315 3935 446 3989 omnibus
458 3938 488 3988 et
507 3935 627 4003 singulis
639 3936 709 3988 actis
721 3938 751 3989 et
761 3936 886 3988 actitatis
903 3936 962 3986 tam
981 3935 1011 3987 in
1022 3935 1151 4000 partibus
1162 3947 1248 3999 quam
1259 3934 1290 3986 iu

65 4019 189 4073 coneilio
208 4018 339 4087 generali
362 4019 569 4072 constantiensi
591 4019 622 4071 in
642 4018 768 4083 presenti
793 4031 879 4069 causa
903 4016 1018 4083 habitis,
1041 4030 1150 4070 necnon
1173 4017 1289 4069 testium

63 4102 301 4169 depositionibus,
320 4101 444 4165 dictique
456 4101 587 4168 magistri
600 4100 625 4153 N
628 4101 712 4153 icolai
729 4100 885 4165 Serrurarij
898 4102 1042 4152 certorum
1061 4098 1247 4152 articulorum
1258 4100 1289 4150 in

63 4199 153 4240 causa
163 4184 326 4245 huiusmodi
337 4185 561 4251 designatorum,
571 4186 600 4236 et
612 4197 664 4249 per
675 4197 740 4235 eum
752 4184 782 4235 in
794 4182 966 4235 Tornacensi
977 4183 1006 4233 et
1015 4181 1211 4234 cameracensi
1221 4181 1291 4234 ciui·

61 4269 174 4322 tatibus
189 4269 219 4320 et
236 4267 396 4319 diocesibus
409 4269 440 4320 et
456 4266 527 4318 locis
538 4267 746 4319 circumvicinis
760 4267 971 4332 predicatorum
984 4267 1014 4316 et
1027 4264 1292 4330 dogmatizatorum,

59 4351 262 4412 resecatione,
271 4350 458 4412 consessione,
467 4349 676 4415 iuramentique
688 4350 723 4400 de
736 4363 792 4401 non
803 4348 942 4401 veniendo
955 4349 1053 4399 contra
1065 4346 1249 4410 prestatione,
1261 4348 1292 4398 et

57 4432 277 4489 omnibusinde
297 4432 411 4495 secutis,
425 4433 550 4497 ipsisque
570 4445 634 4483 cum
655 4431 802 4497 diligentia
822 4430 916 4483 debite
933 4429 1091 4491 recensitis,
1104 4429 1203 4494 vigore
1215 4442 1290 4481 com·

56 4516 213 4574 missionis
232 4515 313 4569 nobis
334 4516 456 4583 desuper
478 4517 561 4577 tacte,
586 4516 621 4570 de
644 4514 762 4569 consilio
787 4516 931 4568 certorum
950 4512 1135 4581 prelatorum,
1156 4513 1185 4564 in
1208 4525 1289 4566 sacra
