3188 5340
706 511 894 569 annotato
988 592 999 615 ι
1070 553 1092 562 ,.
1369 512 1420 568 att

459 677 577 733 Archiel
599 679 652 733 der
667 677 829 732 hooldkerk
846 692 899 731 van
928 675 1065 742 Doornik,
1083 674 1241 730 cartulaire
1258 673 1307 741 n;
1338 676 1419 745 atge-

492 760 579 815 drukt
587 761 626 827 bii
639 760 772 825 canonic,
783 758 879 815 Nscote
894 754 1050 825 maier,
1062 758 1117 813 bu.
1128 757 1248 812 ait-sm.

685 983 763 1055 140
784 976 933 1077 (aare.

241 1179 335 1256 uto,
351 1170 508 1244 imanes·
518 1175 553 1254 6,
569 1174 746 1244 Florcncc.
764 1174 826 1242 Bul
843 1195 906 1242 van
924 1171 1088 1242 Martinus
1106 1173 1149 1254 V,
1167 1170 1298 1261 garioht
1315 1175 1364 1243 tot
1380 1170 1421 1240 de

195 1276 449 1367 gsoetslijkhcid
459 1297 501 1344 au
513 1277 554 1345 ds
568 1277 780 1365 inquisitenrs
791 1277 850 1345 der
865 1277 1012 1365 ganschc
1028 1275 1268 1357 christenheid,
1282 1272 1420 1365 wasrbij

194 1381 242 1472 hij
255 1381 298 1450 de
311 1386 400 1451 twes
414 1381 703 1469 ssroordselingen
717 1387 815 1470 tegsn
831 1381 984 1451 Nicolaas
997 1378 1167 1449 Serruricr
1184 1378 1419 1469 uitgesproken

194 1482 344 1555 kenbasr
357 1474 526 1559 maaitan
549 1483 759 1554 uitsoerbaar
776 1485 955 1555 serklaart.
973 1524 1012 1534 -
1032 1489 1078 1555 De
1091 1505 1172 1572 pens
1190 1482 1280 1573 gcelt
1294 1480 1334 1550 de
1350 1480 1421 1572 lijst
1470 1501 1472 1505 ’

194 1588 254 1656 der
276 1586 430 1676 dolingsn
453 1608 519 1656 san
534 1588 703 1657 Sarrurier
718 1590 752 1657 in
769 1590 837 1657 hun
857 1590 974 1676 geheel
991 1609 1033 1676 op
1056 1589 1242 1677 (nagsuoeg
1264 1586 1316 1655 ais
1331 1586 1419 1654 hier·

194 1691 346 1762 boscnin
369 1713 430 1760 ons
451 1691 542 1773 stuk,
569 1710 603 1760 ur
620 1694 697 1774 131,
722 1692 787 1763 bla.
802 1694 965 1783 221·213)
990 1714 1031 1761 on
1053 1693 1142 1762 dealt
1159 1712 1220 1761 cen
1233 1688 1419 1777 omstandig

193 1795 332 1865 sarmul
343 1794 1078 1885 medavanhstgcdingrddrhetconciliets
1098 1796 1262 1866 Constans
1287 1813 1329 1862 sn
1352 1812 1418 1861 van

194 1901 253 1968 het
276 1899 536 1990 berospsgeding
557 1899 638 1970 vddr
661 1902 702 1970 ds
724 1903 794 1971 drie
817 1901 1023 1971 kardinaleu.
1044 1901 1164 1973 Oseral
1180 1921 1273 1971 waar
1297 1894 1418 1985 noodig

193 2003 305 2072 werdt
325 2002 509 2085 besondsu,
534 2006 586 2073 sal
601 2006 661 2074 het
676 2007 795 2074 sonnis
807 2005 972 2094 opsnbaar
987 2004 1141 2092 gemaalst
1157 2025 1200 2072 en
1212 2011 1310 2091 togeu
1323 1999 1419 2070 Nico·

192 2108 264 2177 lass
277 2105 447 2176 Serrurier
461 2129 503 2176 sn
519 2109 551 2177 al
567 2110 653 2198 sijne
669 2110 878 2198 aanhangers
893 2108 1047 2195 krachtig
1062 2108 1197 2201 worden
1214 2104 1413 2195 gehandsld.

192 2212 239 2280 lle
270 2211 511 2290 roorschriitcn
542 2234 607 2282 sau
640 2212 824 2282 Bonilacius
856 2212 946 2292 VIII,
984 2211 1119 2301 waarbij
1152 2212 1192 2280 de
1223 2205 1416 2301 gesstelijlse

191 2314 344 2385 rschtsrs
364 2314 489 2386 slechts
511 2316 545 2386 iu
562 2317 632 2386 hun
655 2319 750 2405 eigen
774 2314 1002 2404 rechtsgebisd
1025 2335 1142 2404 mogeu
1158 2314 1334 2396 haudelcu,
1351 2309 1418 2400 siju

190 2439 233 2506 op
253 2418 424 2488 Serrurisr
445 2441 486 2488 on
511 2420 597 2510 sijns
620 2420 830 2511 aanhangers
852 2419 921 2487 niet
943 2419 1180 2509 tospassslijlr;
1208 2415 1360 2487 assumis
1376 2413 1417 2481 ds

190 2521 375 2612 panselijlsa
401 2525 631 2605 soorrechten,
664 2524 772 2591 welke
800 2524 840 2613 zij
869 2522 993 2590 aouden
1021 2521 1156 2593 kunnan
1183 2522 1340 2609 iuroepen
1362 2535 1416 2586 om

191 2628 431 2718 servolgiugen
453 2634 489 2698 te
512 2635 669 2718 ontgaan.

222 2759 383 2823 Emmaus,
395 2762 553 2827 episcopus,
566 2774 666 2815 seruus
678 2773 827 2815 seruorum
839 2758 901 2822 Dei,
919 2755 1130 2811 venerabilibus
1140 2753 1278 2809 homibus
1289 2751 1410 2819 patriar·

190 2841 262 2906 chis,
275 2841 507 2908 archiepiscopis,
519 2844 660 2908 episcopis
669 2843 698 2894 et
707 2841 819 2894 dilectis
831 2841 897 2905 fllijs
909 2838 1009 2891 electis
1021 2838 1178 2900 abbatibus,
1189 2837 1331 2901 prioribus
1342 2847 1414 2901 pre-

190 2926 302 2990 positis,
314 2927 439 2989 decanis,
449 2925 659 2979 archidiaconis
670 2940 704 2977 ac
720 2925 784 2990 alijs
795 2922 981 2976 ecclesiarum
992 2923 1022 2974 et
1033 2919 1271 2972 monasteriorum
1280 2915 1414 2983 prelatis.

190 3007 447 3071 elinquisitoribus
467 3007 594 3059 heretice
616 3006 776 3072 prauitatis,
795 3005 830 3057 ad
847 3017 918 3068 quos
935 3003 1083 3068 presentes
1102 3000 1199 3055 littere
1214 2997 1410 3066 peruenerint,

189 3087 352 3143 salutemet
361 3088 547 3155 apostolicam
559 3089 797 3142 benedictionem.

221 3171 267 3223 ad
287 3169 342 3223 hoc
360 3171 495 3238 precipue
517 3173 685 3238 disponente
708 3170 829 3223 Domino
847 3165 1001 3222 universali
1022 3164 1143 3219 ecclesie
1164 3163 1351 3232 presidentes,
1380 3163 1414 3215 ut

190 3242 406 3307 camoenae
415 3255 467 3307 suo
476 3255 635 3308 orthodoxa
652 3255 719 3306 snei
731 3254 895 3306 sinceritate
906 3248 1053 3317 quibusda
1072 3247 1219 3301 emensus
1235 3246 1336 3300 namu
1346 3257 1410 3311 per-

189 3338 337 3402 maneant,
359 3337 520 3405 vigilamus,
539 3339 676 3392 aduersus
704 3349 818 3401 quoque
835 3336 917 3388 bases
939 3331 1006 3385 fidei
1028 3330 1058 3383 et
1079 3328 1200 3383 ecclesie
1220 3328 1414 3395 predictarum

190 3417 347 3485 doctrinas,
369 3420 494 3484 decreta
518 3420 713 3475 observantias
730 3419 760 3472 et
777 3417 971 3471 ordinationes
990 3411 1205 3480 quomodolibet
1225 3411 1415 3479 dogmatizata

189 3499 323 3555 sollicitis
331 3502 431 3567 nudus
440 3503 573 3570 anfflmur
584 3503 739 3567 extirpare,
752 3513 787 3554 ne
799 3513 870 3567 ager
880 3500 942 3565 ipss
953 3498 1111 3552 dominicus
1119 3497 1229 3553 heresis
1243 3500 1274 3552 et
1284 3511 1415 3553 errorum

188 3584 325 3652 mntagio
337 3584 432 3638 valeat
441 3585 588 3638 maculari.

223 3667 338 3719 Dudum
357 3669 508 3733 siquidem,
528 3671 678 3735 postquam
694 3668 866 3723 venerabilis
888 3668 979 3720 trater
995 3667 1093 3720 noster
1107 3665 1243 3728 Joanuea,
1263 3664 1413 3731 episcopus

189 3749 390 3814 Tornacensis,
403 3750 539 3804 dilectum
557 3751 649 3805 lilium
662 3752 809 3805 Nicolaum
820 3749 988 3813 Serrurarii,
998 3749 1107 3801 ordinis
1123 3750 1245 3802 iratrnm
1257 3746 1411 3801 heremita·

187 3845 255 3884 rum
263 3833 354 3885 sancti
363 3835 515 3901 Augustini
526 3837 728 3900 proiessorem,
741 3835 771 3886 in
781 3848 862 3886 sacra
873 3832 1020 3898 theologia
1029 3831 1207 3898 magistrum,
1225 3831 1276 3896 qui
1286 3829 1412 3896 maligno

186 3913 306 3966 iniiatm
316 3904 429 3979 spiritu:
439 3916 559 3983 credens
570 3915 635 3981 plus
647 3929 748 3981 sapere
760 3929 845 3980 quam
862 3916 1017 3980 oporteret,
1031 3915 1061 3967 in
1079 3913 1245 3967 ciuitatibus
1254 3914 1284 3965 et
1295 3911 1413 3965 diocesi·

187 3994 243 4046 bus
252 3994 426 4048 'fornacensi
437 3997 467 4047 et
478 3995 674 4049 cameracensi
686 4010 720 4048 ac
731 3997 860 4061 partibus
869 3996 927 4047 illis
937 3996 1089 4064 contiguis,
1101 3995 1283 4049 immaculate
1292 3994 1414 4048 ecclesie

186 4077 345 4143 puritatem
356 4078 473 4131 inficere
485 4080 515 4130 et
530 4079 705 4144 dirumpere,
719 4092 752 4130 ac
763 4079 907 4144 simplices
918 4080 948 4131 et
959 4078 1092 4146 vulgares
1109 4071 1278 4131 christianos
1293 4075 1414 4144 populos

185 4161 217 4211 in
230 4160 330 4212 eterne
342 4161 531 4213 damnationis
542 4161 676 4213 interitus
693 4160 767 4213 viam
778 4175 885 4226 ponere
903 4164 1046 4228 satagens,
1065 4162 1108 4214 eis
1125 4161 1261 4215 articulos
1273 4162 1303 4214 et
1319 4173 1410 4213 asser·

184 4242 282 4294 tiones
292 4242 509 4310 infrascriptos,
518 4242 646 4296 heretica
658 4242 722 4296 labe
734 4247 763 4295 et
779 4245 926 4295 erroribus
938 4245 1068 4308 inlectos,
1087 4244 1278 4307 scandalosos,
1296 4243 1411 4296 seditio·

183 4339 245 4387 sos,
251 4326 419 4379 temerarios
428 4329 457 4378 et
465 4326 685 4391 injuriosos,per
695 4327 831 4378 nonnulla
843 4328 972 4393 tempora
982 4328 1013 4380 in
1025 4327 1083 4379 suis
1092 4326 1215 4392 publicis
1231 4326 1411 4381 sermonibus

182 4410 216 4462 et
228 4407 302 4460 alias
320 4408 529 4474 predicauerat,
549 4408 747 4475 publicauerat
763 4411 794 4462 et
813 4410 1025 4477 diutdgauerat,
1043 4412 1073 4463 et
1089 4409 1165 4475 quod
1176 4409 1242 4462 illos
1258 4408 1412 4463 detondere
1453 4449 1455 4452 >

182 4493 325 4556 tanquam
336 4504 419 4544 seros
429 4505 461 4544 se
470 4491 606 4558 lactabat,
623 4492 654 4544 in
672 4505 723 4545 suc
735 4492 860 4557 dictique
872 4492 971 4560 populi
981 4493 1141 4547 animarum
1160 4490 1329 4560 periculum,
1347 4504 1412 4547 nec·

180 4586 246 4630 non
258 4571 330 4629 cleri
340 4568 456 4630 illarum
472 4574 598 4641 partium
609 4574 802 4638 turbationem
818 4576 1018 4653 grauissimam
1029 4575 1413 4644 ,permdcsumquascauda-
