3256 5324
625 480 812 545 ANNO'HQO
1284 491 1334 545 239

10 638 34 690 ’ᾗ
142 655 262 709 Multum
270 656 431 709 mirabatur
447 656 588 722 quomodo
605 656 710 723 prelati
732 657 928 710 substinebant
936 654 994 707 talo
1006 654 1085 719 quid,
1096 653 1208 706 scilicet
1218 651 1335 713 deterre

10 722 29 772 ‘³'
101 737 271 792 huiusmodi
287 740 429 792 teretrum
445 752 498 805 por
508 739 615 806 patrias
632 753 697 792 suas
717 740 836 806 propter
852 738 935 806 larga
946 738 1075 803 donaria,
1088 753 1173 805 quea
1189 739 1334 807 religiosis

94 821 195 876 ssnon
206 821 328 874 Antonii
339 821 492 874 habebant.

130 903 276 970 Deputati
293 905 330 957 ad
346 903 517 970 portandum
529 903 691 959 huiusmodi
702 907 841 959 teretrum
861 918 918 957 non
937 907 1004 957 sunt
1014 905 1069 958 nisi
1081 907 1284 972 trumptatoros
1303 906 1334 958 et

81 984 301 1040 cahusatores.

128 1067 203 1120 Non
214 1070 361 1134 credebat,
374 1073 449 1137 quod
461 1071 590 1140 religiosi
602 1072 706 1139 prelati
718 1085 805 1138 super
817 1071 1017 1139 deportatione
1035 1072 1135 1126 feretri
1148 1086 1213 1125 cum
1230 1072 1333 1126 ceterh

69 1162 158 1218 que
168 1150 214 1204 ibi
224 1151 310 1218 liunt,
322 1154 508 1209 obtinuerunt
519 1155 615 1220 aliqua
626 1154 790 1222 priuilegia.

72 1237 75 1240 ’
131 1232 201 1286 Ηοο
212 1235 324 1290 iaciunt
333 1236 461 1290 indebite
471 1240 500 1291 et
508 1238 614 1304 injuts
623 1236 760 1311 populum
769 1238 939 1302 seducendo.

130 1313 202 1369 Non
214 1317 352 1371 credebat
358 1321 422 1372 iore
430 1332 538 1383 verum,
551 1319 628 1385 quod
636 1319 761 1373 habeant
771 1320 815 1373 illi
824 1320 954 1388 religiosi
963 1320 1156 1388 indulgentias
1167 1332 1185 1372 s
1196 1331 1271 1386 papa
1278 1331 1330 1385 pro

52 1398 197 1452 dando
206 1399 317 1474 aliquid
333 1401 417 1455 beato
427 1403 550 1455 Antonio
562 1415 612 1473 seu
625 1404 733 1456 nuntiis
745 1404 807 1457 aius
816 1417 867 1456 seu
878 1404 972 1469 porcis
984 1404 1162 1469 portantibus
1173 1414 1329 1468 campanu-

51 1481 158 1534 lam
166 1481 250 1535 beati
257 1484 392 1550 Antonin
405 1484 511 1538 addens
523 1486 599 1553 quod
611 1500 754 1553 nunquam
766 1486 870 1553 aliquis
886 1499 960 1553 papa
977 1486 1056 1540 dedit
1072 1485 1266 1553 indulgentias
1277 1497 1330 1551 pro

49 1564 198 1616 dando
206 1565 314 1619 victum
322 1568 448 1621 animali.

132 1646 224 1701 'l'ales
235 1648 365 1717 religiosi
376 1651 407 1704 et
417 1651 510 1720 nuntii
520 1652 648 1718 ipsorum
659 1651 818 1705 intulerunt
836 1652 969 1705 timorem
989 1651 1171 1705 audientibus
1183 1651 1213 1703 et
1221 1663 1330 1717 preses.

44 1728 153 1782 tim
165 1728 198 1781 in
208 1729 342 1798 villagljs,
352 1733 427 1797 quod
438 1735 552 1786 sanctus
563 1736 702 1788 Antonius
713 1735 855 1787 comburit
873 1748 941 1799 θοις
962 1736 993 1788 et
1009 1735 1074 1788 ideo
1095 1735 1200 1787 timore
1219 1734 1327 1799 perter-

44 1811 161 1874 riti,
174 1812 200 1864 si
209 1826 268 1865 non
278 1812 405 1868 habeant
415 1816 470 1868 nisi
479 1830 566 1869 vnum
578 1819 738 1882 denarium,
751 1818 994 1871 darenteundem.

134 1894 325 1950 Sacmsaucta
346 1898 472 1964 synodus
492 1899 725 1967 constantiensis,
749 1902 784 1954 ad
808 1914 892 1966 quam
910 1900 1002 1953 dictus
1022 1899 1158 1954 Nicolaus
1175 1899 1329 1965 propterea

52 1977 297 2043 ‘personaliter
313 1983 480 2044 accesserat,
501 1983 531 2036 et
551 1983 588 2036 ad
612 1984 693 2036 cuius
713 1984 814 2049 synodi
831 1983 945 2036 articuli
968 1985 998 2036 et
1014 1983 1188 2036 assertiones
1207 1980 1329 2046 predicti

63 2060 238 2114 motitism
248 2066 450 2128 peruenerant,
461 2065 529 2117 tunc
540 2065 697 2131 apotolica
707 2067 774 2119 sede
794 2067 924 2130 vacante,
943 2067 1054 2119 tantum
1072 2064 1176 2128 scelus,
1187 2076 1224 2117 ne
1236 2064 1331 2117 satore

66 2142 210 2197 :imnis
222 2147 394 2210 procurante
403 2147 434 2197 in
451 2145 612 2199 huiusmodi
624 2147 779 2200 christiana
790 2149 847 2202 tide
867 2149 897 2202 et
907 2147 1014 2214 populo
1026 2146 1202 2216 peramplius
1212 2145 1333 2212 pullula·

77 2227 158 2289 xci,
170 2226 309 2280 radicitus
321 2229 466 2295 extirpare
484 2231 609 2296 cupiens,
620 2232 650 2284 et
666 2231 702 2283 da
712 2231 859 2296 premissis
877 2232 985 2284 certam
994 2231 1125 2283 notitiam
1141 2243 1199 2282 non
1209 2228 1329 2292 habens,

84 2308 262 2362 'venerabili
270 2311 354 2364 tratri
366 2313 464 2365 nostro
474 2312 580 2366 loanni
592 2313 755 2380 patriarche
767 2312 1080 2380 Constantinopolitano
1090 2313 1121 2364 in
1133 2313 1209 2366 dicta
1219 2311 1328 2378 synodo

104 2391 133 2443 et
139 2391 232 2456 ipsius
239 2394 419 2461 potissimum
429 2395 589 2448 membrum
598 2397 733 2449 existenti
745 2410 858 2450 cansam
874 2396 1067 2461 inquisitionis
1078 2394 1240 2453 huiusmodi
1251 2394 1287 2448 sd
1296 2406 1327 2446 se

105 2473 257 2540 mucosus,
269 2488 333 2530 eam
344 2477 380 2530 ad
396 2477 562 2531 instantiam
583 2466 680 2533 dilecti
703 2479 756 2532 ulii
776 2479 925 2532 Michaelis
945 2479 981 2531 de
1003 2478 1099 2531 Broda
1118 2475 1328 2541 Theutonlcali,

105 2555 201 2610 clerici
212 2561 385 2626 promotoris
394 2563 424 2614 et
433 2563 609 2630 instigatoris
621 2577 771 2616 causarum
785 2564 852 2616 fidei
864 2562 1016 2626 catholice,
1028 2561 1181 2614 cumidem
1193 2560 1329 2613 Nicolaus

105 2638 169 2692 tunc
179 2643 259 2708 apud
275 2643 373 2696 sedem
389 2645 527 2698 existeret
548 2646 716 2713 predictam,
735 2648 765 2698 vt
780 2646 936 2713 prelertur,
949 2644 1119 2699 audiendam
1137 2642 1281 2697 commisit
1298 2643 1329 2696 et

106 2721 156 2776 llue
164 2722 266 2778 debito
275 2727 493 2781 terminandam.

132 2804 169 2858 lit
180 2807 288 2862 deinde
304 2811 454 2876 postquam
470 2811 547 2863 idem
564 2812 773 2877 patriarchani
792 2812 933 2864 dictorum
952 2809 1138 2864 articulorum
1149 2809 1179 2862 et
1197 2809 1328 2862 assertio·

105 2900 176 2951 num,
191 2890 230 2942 sd
250 2891 279 2943 id
290 2894 436 2946 vocatiset
446 2894 629 2958 presentibus
646 2894 765 2948 Nicolao
777 2894 906 2961 predicto
925 2906 1085 2960 magnoque
1102 2889 1327 2956 archiepiscopo

103 2980 173 3034 mm,
193 2972 402 3038 episcoporum,
430 2975 564 3028 abbatum
588 2978 618 3028 et
646 2975 768 3029 aliorum
792 2977 822 3029 in
845 2977 945 3029 cadem
970 2974 1117 3041 theologis
1136 2985 1246 3026 necnon
1262 2972 1328 3037 jure

96 3055 239 3106 *canonico
251 3057 281 3108 et
292 3056 372 3109 ciuili
380 3059 583 3125 magistrorum
592 3059 622 3111 et
633 3059 781 3111 doctorum
791 3072 919 3122 numero,
930 3057 1134 3110 discussionem
1146 3057 1176 3108 et
1184 3054 1326 3107 examina·

96 3132 209 3189 tionem
220 3137 398 3206 diligentem,
411 3154 522 3193 necnon
533 3143 610 3194 circa
621 3141 737 3194 illorum
747 3155 800 3208 per
808 3141 958 3195 Nicolaum
969 3140 1128 3206 predictum
1139 3136 1325 3191 assertionem

91 3218 120 3268 et
132 3219 338 3275 defensionem
348 3225 536 3290 processerat,
549 3239 610 3286 nos,
632 3224 729 3295 &uina
740 3226 856 3278 tanente
873 3223 1025 3277 clementia
1044 3222 1080 3275 ad
1098 3220 1202 3274 summi
1212 3220 1325 3287 sposto-

83 3293 174 3354 latus
201 3303 312 3370 spicam
339 3308 486 3373 assumpti,
513 3309 597 3372 juxta
624 3308 752 3361 debitum
779 3306 956 3373 apostolatus
981 3305 1069 3358 officii
1097 3303 1179 3356 nobis
1205 3300 1326 3367 injuncti

79 3377 265 3438 hain-odi
277 3386 393 3441 hereses
409 3391 439 3441 et
455 3403 569 3442 errores
582 3391 727 3454 cupientes
745 3403 762 3441 a
782 3389 838 3441 tide
850 3390 879 3441 et
895 3387 1001 3454 populo
1015 3385 1157 3440 eliminari
1179 3383 1326 3450 predictis,

75 3469 215 3530 pretato
233 3469 395 3535 patriarche
408 3471 612 3533 commisimus,
622 3472 652 3522 vt
668 3485 782 3523 causam
794 3471 951 3537 predictam
963 3470 993 3520 in
1001 3481 1036 3521 eo
1045 3468 1131 3531 statu,
1143 3467 1173 3518 in
1185 3479 1241 3530 quo
1258 3466 1328 3517 tem·

71 3560 169 3614 pore
184 3553 385 3617 assumptionis
398 3555 493 3606 nostre
505 3553 667 3606 huiusmodi
679 3567 776 3606 coram
785 3567 819 3606 eo
828 3553 1016 3614 remanserat,
1027 3550 1197 3611 resumeret,
1206 3549 1326 3619 eamque

73 3632 222 3686 vlterius
243 3635 364 3700 audiret,
388 3638 417 3688 ct
445 3636 500 3689 fine
530 3637 627 3689 debito
656 3637 834 3700 terminaret,
859 3636 940 3701 iuxta
964 3636 1094 3688 tenorem
1119 3627 1325 3687 commissionis

71 3717 254 3769 antedicte.

126 3799 241 3852 Postea
248 3814 316 3852 vero
325 3815 377 3867 per
388 3802 509 3855 eundem
518 3802 710 3867 patriarcham
720 3816 806 3867 super
818 3800 947 3854 articulis
959 3800 989 3853 et
1000 3799 1205 3852 assertionibus
1215 3809 1325 3850 memo·

72 3883 172 3933 ratis
181 3896 246 3935 cum
255 3883 487 3954 archiepiscopis,
501 3886 651 3950 episcopis,
664 3885 823 3947 abbatibus,
835 3885 997 3949 ceterisque
1008 3881 1154 3949 magistris
1165 3879 1325 3933 etdoctorl-

77 3961 152 4016 bns
162 3966 294 4030 prelatis,
303 3966 477 4020 discussione
489 3969 518 4019 et
529 3968 739 4020 examinatione
751 3965 1002 4033 peramplioribus,
1015 3963 1163 4018 catholicis
1175 3964 1205 4016 et
1222 3962 1324 4015 veridi-

79 4046 150 4108 cis,
170 4048 201 4100 et
220 4061 306 4114 super
325 4063 424 4101 eorum
449 4050 643 4115 predicatione
672 4051 702 4102 et
726 4049 884 4102 assertione
909 4047 1072 4100 huiusmodi
1097 4059 1150 4111 per
1174 4043 1324 4108 Nicolaum

81 4131 291 4182 memoratum
301 4132 394 4195 lactis,
407 4134 436 4182 vt
444 4134 599 4198 prefertur,
612 4133 817 4185 sufficientibus
834 4130 1050 4198 probationibus
1061 4132 1120 4182 tam
1136 4142 1190 4194 per
1208 4125 1325 4193 fidedig·

88 4226 204 4264 mornm
214 4215 330 4266 testium
347 4215 376 4264 in
389 4213 550 4266 huiusmodi
561 4230 646 4268 causa
665 4216 867 4280 productorum
884 4215 914 4266 et
925 4213 1151 4266 examinatorum
1168 4207 1322 4263 attestatio·

93 4308 167 4347 nem
176 4296 299 4360 fidelem,
309 4311 393 4363 quam
402 4296 473 4349 alias
482 4299 568 4350 etiam
576 4313 629 4365 per
637 4311 800 4364 processum
811 4311 864 4363 per
872 4297 979 4349 dictum
986 4294 1147 4350 iohannem
1158 4294 1321 4358 episcopum

96 4378 200 4430 eadem
211 4381 381 4433 auctoritate
393 4383 509 4448 lactum,
527 4383 558 4432 rt
568 4383 721 4448 prefertur,
734 4380 901 4446 prehabitis,
911 4380 1041 4445 prelatus
1053 4375 1188 4431 Nicolaus
1200 4373 1323 4440 Spiritus

101 4459 196 4512 Sancti
212 4463 308 4529 gratia
328 4463 363 4515 ad
381 4464 455 4516 mam
473 4465 601 4518 veritatis
620 4464 764 4526 reductus,
787 4464 817 4515 in
836 4462 982 4529 premissis
995 4475 1026 4514 se
1038 4460 1161 4527 turpiter
1171 4468 1282 4511 errasse
1293 4455 1324 4507 et

104 4541 254 4609 deliquisse
282 4558 465 4615 cognoscens,
496 4546 571 4600 dicta
596 4546 716 4600 durante
735 4544 854 4612 synodo,
879 4545 958 4600 certo
984 4541 1178 4610 peremptorio
1197 4536 1322 4600 termino
