3256 5324
618 469 802 568 univorsos
1268 523 1315 577 ,31

87 683 219 749 pleniori
231 685 350 751 propter
359 682 426 748 jura
439 694 581 746 nouaque
593 693 612 734 a
623 681 752 747 tempore
762 679 781 732 J
783 678 903 733 ohannis
915 682 972 747 xxij
986 683 1015 734 et
1025 683 1098 737 citra
1107 690 1321 753 emarcuerunt,

89 771 134 819 est
147 767 297 819 sciendum
306 765 382 831 quod
393 765 473 830 jdem
489 762 508 815 J
509 763 636 816 ohannes
651 768 780 829 tempore
789 777 841 814 suo
850 764 919 816 iecit
928 765 1077 829 quamdam
1088 768 1323 825 constitucionem

10 846 15 877 ⁷
90 849 330 916 exuauagantem
343 847 528 914 incipientem
540 845 645 899 Sancta
656 845 788 900 &mona
806 846 853 911 (1),
872 847 952 899 cuius
962 850 1095 914 pretextu
1113 851 1241 905 nonnulli
1256 867 1321 907 eam

92 930 208 984 sinistre
236 930 460 997 interpretantes
479 928 630 992 lalluntur,
651 941 717 979 cum
736 942 790 981 nec
807 940 843 979 ex
868 929 961 981 verbis
981 943 1034 983 nec
1059 944 1094 983 ex
1121 936 1216 987 mente
1241 934 1320 989 illius

94 1005 310 1065 constitutionis
327 1008 517 1078 probabiliter
536 1012 630 1077 potest
641 1009 852 1076 comprehendi,
866 1013 942 1075 quod
953 1013 1042 1065 status
1061 1013 1161 1067 tellum
1179 1030 1321 1082 persona-

97 1107 157 1147 rum
173 1096 367 1148 communiter
384 1093 543 1147 vivencium
568 1095 748 1160 reprobetur,
769 1107 863 1159 ymmo
885 1097 998 1159 sumpto
1017 1094 1137 1149 articulo
1149 1111 1166 1150 a
1177 1100 1320 1153 contrario

99 1190 176 1230 sensu
197 1178 373 1244 approbetur
392 1189 429 1229 ex
445 1175 549 1229 verbis.
576 1176 649 1228 Nam
669 1177 737 1240 quia
759 1177 929 1229 constitucio
955 1175 1007 1229 illa
1029 1181 1121 1232 cassat
1147 1183 1252 1235 sectam
1269 1196 1319 1236 seu

101 1261 264 1328 religionem
276 1273 386 1323 eorum,
397 1259 446 1325 qui
460 1273 517 1312 non
526 1260 592 1312 sunt
603 1258 638 1310 de
651 1259 798 1329 ordinibus
808 1266 861 1325 per
873 1259 970 1312 sedem
982 1261 1164 1334 apostolicam
1181 1267 1321 1331 approba·

10 1362 21 1373 ·
103 1343 181 1406 dact
190 1341 420 1396 excommunicat
436 1354 534 1393 omnes
555 1342 614 1392 tam
631 1339 718 1392 talem
731 1343 848 1403 sectam,
876 1342 981 1394 statum
1001 1356 1050 1394 seu
1062 1335 1164 1409 bitum,
1177 1346 1270 1411 qualis
1280 1347 1321 1400 ibi

10 1419 18 1423 ”
104 1425 274 1488 describitur,
297 1424 334 1477 de
358 1437 433 1476 nouo
461 1435 606 1476 assumere
630 1425 837 1488 presumentes,
861 1436 946 1488 quam
968 1424 1058 1476 eciam
1081 1427 1229 1495 episcopos
1256 1429 1321 1497 allis

14 1506 17 1511 ’
105 1507 257 1561 huiusmodi
282 1507 371 1560 ritum
387 1506 503 1559 viuendi
524 1508 554 1558 et
571 1504 700 1558 habitum
724 1519 797 1558 noue
827 1504 979 1572 religionis
1000 1509 1097 1573 preter
1123 1511 1321 1566 auctoritatem

105 1591 169 1645 sedis
180 1584 338 1657 apostolice
350 1588 547 1641 concedentes.
567 1588 610 1640 lix
630 1587 685 1639 hoc
701 1588 781 1654 patet
798 1589 905 1652 aperte,
920 1587 997 1653 quod
1014 1589 1143 1655 predicta
1153 1593 1322 1645 constituclo

101 1689 152 1728 ron
168 1673 259 1726 ambit
271 1684 419 1739 personas,
436 1671 472 1723 de
485 1667 589 1735 ciuibus
607 1671 748 1736 queritur.
766 1668 840 1722 Nam
860 1669 989 1735 loquitur
1005 1672 1041 1724 de
1052 1671 1121 1735 illis,
1133 1673 1181 1738 qui
1192 1673 1322 1728 habitum

98 1770 170 1811 noue
193 1754 346 1823 religionis
366 1766 511 1807 assumere
530 1755 559 1806 et
581 1752 778 1806 conventicula
794 1752 898 1805 illicita
916 1753 1010 1806 locere
1029 1757 1204 1821 presumunt.
1225 1757 1262 1809 Et
1280 1758 1322 1810 ita

94 1839 208 1891 ridetur
229 1836 271 1888 ibi
294 1837 402 1889 sentire
425 1835 495 1888 Gen.
516 1833 701 1902 §Episcopus
717 1847 803 1899 super
825 1835 912 1885 verbo
935 1832 1119 1901 supradictos,
1137 1837 1321 1904 dicensquod

86 1921 195 1972 contra
211 1917 400 1972 concedentes
412 1916 485 1970 alios
502 1916 615 1968 habitus
634 1915 678 1968 vel
698 1917 771 1968 ritus
789 1915 904 1968 viuendi
920 1929 995 1982 pena
1010 1931 1130 1983 sequens
1142 1934 1198 1971 non
1209 1920 1321 1973 videtur
1349 1925 1352 1931 '

81 2003 152 2054 sibi
178 2000 273 2053 locum
300 2001 451 2053 vendicare
474 2012 527 2065 per
548 1998 603 2050 hoc
623 2000 751 2060 verbum,
775 1998 888 2063 quiesi
912 1999 947 2052 de
967 1998 1030 2064 aliis
1053 2002 1183 2055 conditor
1204 2004 1320 2056 canonis

77 2086 242 2149 voluisset,
255 2084 310 2136 hoc
320 2085 420 2150 utique
430 2083 619 2149 expressisset
633 2082 753 2135 articulo
765 2082 800 2133 de
812 2082 883 2134 deci.
898 2079 945 2133 Aa
955 2080 1143 2147 audiendam,
1156 2099 1181 2136 c.
1190 2081 1226 2137 dc
1235 2083 1318 2137 ecda.

70 2167 151 2220 eol.
163 2166 182 2218 l.
202 2169 290 2231 una5
306 2181 370 2219 sum
380 2173 485 2218 auten.
498 2164 544 2218 Ec
554 2171 646 2217 ments
655 2177 701 2216 no.
714 2164 787 2217 Nam
804 2166 917 2216 nonest
929 2165 1093 2229 verisimile,
1106 2166 1181 2231 quod
1192 2168 1320 2233 prelatus

65 2249 102 2300 J
104 2250 241 2303 ohannes
252 2250 341 2315 num
354 2262 408 2315 per
419 2249 525 2301 dictum
542 2246 776 2299 constitucionem
788 2247 878 2299 uitam
892 2260 1072 2300 communem
1084 2262 1101 2301 a
1112 2247 1224 2303 Christo
1237 2250 1318 2302 dedi-

62 2335 198 2398 catam,
218 2333 255 2384 ab
272 2330 414 2404 ‘apostolis
437 2343 593 2394 eorumque
616 2329 762 2395 discipulis
784 2330 813 2382 et
834 2343 852 2381 a
875 2330 937 2382 tota
963 2331 1110 2396 primitius
1134 2330 1264 2395 ecclesia,
1287 2335 1319 2385 ut

63 2416 282 2479 premittitur,
295 2414 474 2467 obseruatum
491 2415 520 2466 et
532 2413 724 2465 continuatam
745 2413 774 2465 et
794 2413 882 2464 sacris
905 2414 1059 2466 canonibus
1076 2417 1230 2495 receptam,
1240 2416 1273 2467 ut
1288 2416 1319 2467 ln

61 2498 225 2562 predicto
247 2495 372 2564 capitulo
395 2494 607 2559 Dilectissimae,
628 2508 661 2548 ac
684 2494 795 2547 clericis
815 2494 906 2547 eciam
927 2497 1091 2562 preceptiue
1111 2497 1275 2562 iniunctum,
1286 2499 1319 2550 ut

61 2581 174 2644 patet
195 2578 232 2633 de
254 2579 291 2632 vl.
314 2581 343 2632 et
366 2577 416 2633 ho.
436 2578 518 2641 cleri,
536 2591 560 2630 c.
575 2576 675 2639 Quem,
692 2577 781 2629 voluit
798 2577 986 2643 subuertere;
1010 2591 1051 2630 ar.
1065 2591 1090 2630 c.
1110 2578 1141 2629 in
1161 2578 1220 2631 oili.
1236 2581 1275 2632 te.
1296 2579 1316 2633 l.

61 2663 131 2718 si.
148 2663 262 2728 quando
286 2662 323 2715 de
339 2661 409 2716 elec.
420 2677 446 2716 c.
465 2661 588 2714 ecclesia
609 2663 639 2726 lj.
661 2661 721 2714 Nec
739 2665 825 2730 urget
841 2663 968 2715 obiectus
997 2662 1225 2715 aduersariorum
1244 2664 1327 2727 arbi-,⁷

60 2744 238 2799 umcium
262 2747 368 2798 statum
384 2747 427 2799 sic
450 2743 534 2799 simul
556 2743 749 2797 habitancium
766 2746 794 2798 et
821 2746 852 2797 in
874 2746 1018 2797 communi
1037 2746 1197 2798 vivencium
1215 2758 1233 2797 a
1252 2746 1317 2812 iure

61 2826 492 2894 dampnosissimum
520 2825 643 2894 collegia
671 2827 729 2878 sint
747 2826 858 2890 illicita,
882 2828 937 2879 nisi
959 2828 1149 2893 probarentur
1175 2841 1317 2892 concessa,

63 2909 115 2974 S
129 2911 166 2966 de
182 2909 255 2965 coel.
272 2909 326 2964 illi.
339 2910 359 2963 1.
373 2911 398 2965 l.
408 2912 438 2964 et
449 2910 514 2976 fija,
527 2910 570 2962 De
587 2908 641 2962 hoc
651 2923 697 2962 no.
713 2909 794 2962 Host.
816 2910 846 2962 in
863 2910 996 2964 summati
1007 2909 1043 2962 de
1053 2919 1089 2963 sa
1102 2911 1133 2963 in
1149 2911 1168 2974 s
1184 2923 1211 2975 q.
1230 2911 1319 2963 verbo

69 2990 229 3046 accim
247 3000 351 3048 caum.
371 2993 409 3046 Et
428 2993 504 3059 quod
524 2991 561 3046 le.
585 2995 614 3046 et
634 2994 749 3045 notatur
770 3006 822 3058 per
838 2992 994 3046 ilenricum
1014 2993 1092 3058 Boyc
1108 2994 1144 3059 (2)
1155 2994 1219 3060 post
1236 2992 1318 3047 Host.

68 3076 127 3128 et
143 3074 190 3129 Jo.
204 3077 259 3129 An.
280 3076 316 3129 de
335 3088 429 3130 excas.
442 3089 505 3142 pre.
520 3073 666 3131 Dilectum.
685 3075 760 3127 Nam
776 3074 830 3128 hee
849 3088 980 3140 persone,
1001 3074 1036 3127 de
1058 3075 1161 3141 quibus
1179 3077 1319 3142 queritur,

75 3171 155 3211 non
165 3158 270 3212 sinunt
287 3156 479 3226 collegialiter
502 3171 555 3222 nec
574 3171 626 3223 per
648 3156 763 3209 modum
779 3157 904 3225 collegii,
927 3158 977 3210 sed
996 3158 1230 3225 congregacionis
1241 3159 1320 3212 cari-

75 3241 189 3292 tatiue
212 3241 290 3292 omni
314 3241 379 3305 jure
400 3237 480 3292 licite
504 3241 535 3293 in
563 3239 717 3302 communi,
741 3239 808 3305 quia
829 3239 854 3290 si
876 3238 955 3293 Host.
979 3240 1008 3291 et
1026 3238 1072 3291 Ιο.
1090 3241 1145 3294 An.
1170 3242 1235 3306 post
1256 3254 1321 3293 cum

81 3322 135 3376 de
148 3321 225 3376 Jure
245 3322 338 3388 primo
355 3337 380 3375 c.
400 3320 519 3386 Notius
533 3321 656 3389 Capsum
670 3334 756 3388 super
777 3323 864 3373 verbo
889 3319 1082 3383 mammeae,
1100 3319 1138 3385 blj
1160 3323 1226 3373 sunt
1242 3323 1321 3374 actus

85 3420 233 3473 perquos
244 3407 324 3472 patet
335 3404 448 3473 collegi]
460 3407 507 3471 jus
523 3405 568 3458 vel
581 3406 662 3471 quasi
674 3404 787 3471 collegij
801 3403 928 3471 sigillum
944 3406 973 3457 et
989 3418 1057 3457 usus
1068 3403 1168 3470 sigilli,
1185 3405 1329 3456 tractatus:

87 3489 259 3540 «communie
276 3489 305 3540 in
323 3486 461 3554 capitulo,
482 3486 568 3541 archa
590 3487 756 3548 communis,
777 3487 961 3538 relectorium
980 3489 1011 3539 et
1031 3486 1228 3538 dormitorium
1250 3499 1322 3538 com·

91 3583 196 3624 mune.
209 3569 291 3623 idem
307 3583 354 3622 no.
370 3567 466 3622 Arcti.
479 3584 507 3622 x.
522 3584 550 3635 q.
560 3584 582 3620 s.
596 3584 621 3622 c.
633 3570 653 3636 j.
666 3569 741 3622 unde
757 3583 802 3620 no.
822 3568 987 3621 Vincentius
1003 3568 1039 3621 de
1055 3568 1125 3620 elec.
1144 3570 1328 3622 sacrosancta

94 3652 198 3706 ‹lloem
211 3667 219 3704 :
242 3651 308 3705 Non
320 3651 425 3703 sufficit
441 3651 476 3704 ad
493 3650 559 3713 hoc,
578 3652 610 3703 ut
621 3649 741 3703 ecclesia
749 3649 902 3717 collegiata
910 3651 957 3714 sit,
969 3650 1044 3716 quod
1055 3649 1151 3716 plures
1159 3648 1258 3702 clerici
1266 3651 1328 3703 sint.

96 3734 133 3787 iu
143 3732 277 3797 ecclesia,
288 3735 344 3786 nisi
352 3734 451 3786 adhoc
462 3734 519 3786 sint
534 3734 693 3796 constituti,
711 3735 743 3785 ut
751 3735 809 3786 sint
824 3747 912 3786 unum
923 3748 1025 3800 corpus
1036 3736 1065 3786 et
1074 3733 1197 3786 habeant
1207 3733 1322 3786 archam
1431 3751 1435 3761 ¹

103 3831 349 3883 communemres
361 3830 523 3870 communes
541 3819 570 3869 et
587 3817 711 3869 actorem
728 3818 884 3883 syndicum,
896 3819 925 3870 et
941 3818 966 3869 si
978 3831 1033 3869 non
1050 3816 1246 3879 delendantur,
1263 3817 1323 3869 itur

107 3899 354 3966 inpossessionem
366 3914 466 3954 eorum
483 3914 538 3967 que
551 3901 593 3967 eis
605 3903 670 3952 sunt
681 3915 824 3964 concesse,
835 3903 854 3965 s
865 3899 940 3970 quod
950 3903 1083 3969 caiusque
1098 3902 1150 3951 uni
1165 3900 1184 3951 l.
1202 3901 1223 3965 j.
1241 3902 1323 3952 extra

113 3982 146 4035 de
153 3983 192 4034 ui.
205 3980 295 4035 etho.
310 3981 364 4037 cle.
376 3998 402 4036 c.
417 3983 515 4043 Quam
528 3983 583 4036 Sed
598 3985 677 4035 actus
689 3982 882 4035 huiuscemodi
894 3986 944 4036 seu
960 3984 1084 4050 insignis
1094 3984 1151 4034 iam
1162 3983 1237 4037 diota
1248 3984 1323 4035 inter

116 4063 284 4130 supradictas
305 4079 451 4132 personas,
464 4081 520 4119 non
541 4066 686 4118 vindicant
702 4066 757 4117 sibi
775 4066 877 4131 locum,
897 4069 930 4118 ut
945 4068 1024 4133 patet
1040 4080 1075 4119 ex
1091 4065 1215 4118 themate
1231 4080 1324 4133 preas·
1421 4096 1429 4111 κ

122 4148 241 4213 sumpt03
257 4147 358 4215 igitur,
369 4149 425 4209 eto.

149 4229 253 4285 Deinde
265 4232 411 4286 emmauit
420 4231 539 4298 quedam
549 4231 717 4284 constitucio
728 4232 917 4298 extrauagans
925 4230 1073 4283 Benedicti
1084 4232 1134 4296 xij,
1144 4244 1198 4296 que
1209 4231 1324 4298 incipit:

152 4488 180 4556 ss)
199 4488 247 4546 Zie
255 4487 410 4549 bierboven
421 4493 486 4562 (blz.
502 4492 554 4562 93),
566 4507 617 4547 ons
626 4492 692 4546 stuli
703 4502 733 4547 nr
741 4493 774 4547 57
783 4491 895 4561 (lestis),

10 4576 47 4618 ⁴
155 4573 182 4640 ω
202 4574 277 4630 ⁰⁷⁰¹
290 4574 358 4631 hem
368 4576 411 4632 ²10
419 4576 557 4644 ⁰¹¹di1111⁸2
565 4576 696 4646 Scriptor.
709 4576 885 4644 ccclss.,deel
894 4576 947 4641 ΙΙΙ,
959 4575 1011 4630 bin.
1026 4575 1097 4629 1251.
1199 4608 1204 4615 .
1306 4649 1309 4655 Ι

1249 4663 1278 4719 ll
