3256 5324
637 193 741 248 ANNO
760 191 824 244 1418
1293 189 1343 240 217

69 364 299 437 quamplures
309 377 447 432 personas
458 375 543 417 sexus
555 363 704 427 utriusque
716 374 790 414 noue
807 360 957 428 religionis
974 361 1102 414 habitum
1119 361 1296 414 assumentes
1312 363 1343 414 et

66 447 316 509 conuentionis
326 447 473 509 iacientes,
486 444 597 498 nullum
609 444 738 496 habitum
750 444 937 510 approbatum
949 444 1116 510 prolitentes
1128 443 1341 508 statuentesque

68 524 153 595 gibi
174 528 258 596 ipsis
275 531 437 598 superiores
448 543 500 595 pro
513 527 597 580 libitu
609 526 762 580 voluntatis
778 529 807 578 et
819 526 870 577 sub
888 525 1021 579 00001010
1038 527 1188 580 devotione
1205 528 1341 595 populum

68 605 293 677 ,archenses
316 614 345 666 et
368 612 459 665 multa
482 613 581 663 contm
605 611 756 662 veritatem
781 623 861 662 sacre
884 609 1024 674 scripture
1045 623 1078 661 ac
1100 623 1196 663 sacros
1219 625 1342 664 canones

69 690 321 764 ,stampenses
333 699 363 750 et
373 698 409 748 de
421 695 592 761 elemosynis
605 693 710 746 Christi
729 693 856 745 fidelium
868 694 966 745 domos
983 697 1159 759 somptuosss
1176 696 1212 760 ad
1228 697 1342 748 modum

69 782 353 848 ,combensium
369 779 547 846 regularium
564 778 728 831 edificantes
749 778 778 830 et
795 791 825 829 se
842 777 966 828 inuicem
982 777 1013 827 in
1030 777 1072 829 010
1083 777 1260 830 includentes
1278 793 1342 831 oum

70 860 316 930 obseruatione
332 862 520 929 quorumdam
537 862 644 913 rituum
656 861 774 911 minime
786 873 838 924 per
849 859 998 911 ecclesiam
1011 861 1241 926 approbatorum,
1257 863 1344 927 ooepit

69 953 200 1017 gunea·
207 945 265 998 hoc
277 946 350 1012 apud
364 945 559 1011 semetipsum
572 944 706 995 ardenter
717 943 845 1009 cogitare
857 943 885 994 et
895 956 931 994 au
943 941 997 994 hoo
1007 943 1148 995 stantibus
1159 943 1268 1011 regulis
1276 944 1343 997 ddei

71 1027 135 1098 οι
144 1029 242 1081 acra
254 1027 408 1081 canonibus
417 1026 538 1080 ecclesia
548 1025 727 1078 dissimulare
735 1026 862 1087 deberet,
869 1024 1078 1090 reuoluensque
1089 1025 1255 1093 diligentius
1263 1040 1344 1079 sacre

72 1106 259 1183 fflpture
268 1113 488 1174 sanctorumque
500 1109 647 1161 doctorum
666 1107 755 1159 libros
773 1110 801 1160 et
818 1121 914 1160 sacros
930 1121 1061 1169 canones,
1081 1109 1216 1174 quasdam
1232 1109 1345 1161 conclu·

73 1197 211 1265 fiisitres
220 1193 408 1259 reprobantes
417 1191 535 1244 illorum
546 1191 659 1243 modum
668 1190 785 1242 viuendi
797 1190 920 1242 extraxit
931 1193 960 1243 et
971 1191 1112 1256 scripture
1124 1191 1343 1245 commendauit.

152 1271 276 1334 Quarum
287 1289 344 1328 una
356 1273 523 1340 principalis
536 1276 589 1336 est,
599 1287 635 1326 ex
644 1287 701 1337 000
712 1272 769 1326 0110
781 1272 967 1335 deducuntur,
978 1274 1104 1339 exceptis
1115 1274 1210 1340 paucis
1224 1290 1230 1325 :
1241 1273 1344 1326 Nullus

76 1357 211 1442 potest
230 1359 316 1412 licete
341 1360 370 1410 et
394 1357 553 1419 meritorie,
575 1357 662 1407 immo
686 1369 738 1408 nec
758 1356 899 1409 veraciter
918 1356 1090 1422 obedientie,
1114 1359 1290 1423 paupertatis
1315 1359 1345 1410 et

76 1439 256 1502 castitatis
281 1437 456 1492 universalia
478 1436 599 1489 consilia
620 1437 795 1488 coniunctim
818 1439 900 1488 extra
922 1450 1002 1489 veras
1024 1437 1181 1504 religiones
1205 1438 1344 1500 manendo

76 1522 283 1588 adimplere.
303 1522 348 1576 Ex
365 1535 422 1587 qua
438 1520 568 1586 sequitur
583 1519 748 1571 immediate
765 1518 894 1571 formalis
911 1521 1122 1584 consequentia,
1140 1519 1278 1572 articulus
1295 1533 1345 1573 seu

77 1604 261 1660 cordusio
273 1619 349 1657 nona
361 1605 391 1656 in
404 1603 514 1664 ordine,
528 1602 602 1667 quod
616 1600 711 1653 nullus
723 1604 815 1666 potest
826 1602 985 1667 predictum
1002 1604 1178 1669 paupertatis
1194 1602 1345 1654 consilium

74 1686 263 1739 meritorie
274 1688 363 1738 immo
376 1700 428 1739 neo
439 1685 581 1738 veraciter
592 1684 756 1746 obseruare,
769 1685 825 1735 nisi
836 1685 924 1737 tuerit
935 1686 965 1736 in
976 1686 1051 1737 statu
1063 1685 1221 1751 spiritualis
1237 1687 1346 1751 perlec-

71 1765 203 1821 tionis
215 1771 278 1823 siue
289 1782 357 1822 vere
368 1768 527 1836 religionis.
541 1767 578 1820 Et
589 1768 653 1818 dico
664 1769 797 1819 notanter
809 1768 844 1819 de
856 1767 918 1818 istis
929 1768 1020 1819 tribus
1031 1767 1159 1819 consiliis
1176 1767 1347 1834 simpliciter

65 1856 160 1898 ⁸01¹
180 1851 389 1905 uniuersaliter
408 1851 536 1916 sumptis.
556 1849 716 1902 Secundum
737 1849 811 1913 quod
832 1862 899 1901 vero
928 1852 958 1901 et
977 1851 1006 1901 in
1027 1849 1123 1915 aliquo
1143 1864 1211 1902 casu
1228 1852 1346 1916 possunt

60 1918 303 1988 laudsbiiiter
322 1931 352 1987 et
370 1934 518 1986 meritorie
539 1934 621 1985 extra
641 1932 798 1999 religiones
818 1933 982 1996 obseruari3
1006 1933 1118 1998 quando
1144 1934 1221 1986 enim
1243 1933 1347 2000 0110010

55 2012 256 2070 s⁴³0ularis
266 2018 317 2069 dat
327 2016 505 2083 elemosynas
522 2017 552 2067 in
570 2030 638 2070 casu
655 2014 761 2080 aliquo,
780 2015 891 2080 quando
909 2028 973 2067 eam
990 2015 1026 2067 de
1038 2017 1207 2068 necessitate
1217 2019 1347 2084 precepti

53 2090 165 2149 non
180 2101 311 2162 1000100,
323 2099 424 2166 implet
436 2098 507 2150 illud
519 2096 670 2150 eonsilium
681 2099 859 2163 paupertatis
869 2098 899 2148 in
910 2097 962 2148 iilo
974 2112 1040 2150 casu
1053 2100 1160 2150 tantum
1171 2114 1179 2163 3
1191 2101 1221 2151 et
1231 2101 1344 2164 quando

50 2173 330 2249 9001100100οὴ
339 2181 437 2232 uxoris
448 2180 627 2246 amplexibus
635 2183 764 2247 tempore
776 2178 836 2244 illo,
847 2180 959 2244 quando
969 2179 1040 2232 illud
1049 2182 1144 2233 lacere
1156 2196 1213 2233 non
1222 2183 1347 2244 tenetur,

51 2251 216 2327 ”uniet
236 2263 389 2316 consilium
405 2264 579 2315 continentie
596 2263 627 2315 in
643 2262 694 2315 illo
712 2276 778 2314 casu
797 2265 826 2313 et
843 2262 998 2314 secundum
1015 2263 1083 2327 quid
1094 2264 1222 2329 tantum;
1235 2265 1347 2329 quando

57 2332 206 2400 etiam
231 2347 332 2399 obedit
341 2344 428 2398 alicui
440 2358 491 2396 000
504 2343 625 2410 prelato,
644 2346 742 2400 curato
758 2343 804 2396 vel
821 2345 963 2409 episcopo,
981 2345 1011 2396 in
1029 2359 1096 2397 casu
1112 2347 1224 2411 quando
1241 2346 1296 2399 hoo
1312 2348 1348 2399 10

55 2415 292 2482 necessitate
308 2428 437 2494 precepti
454 2441 511 2478 non
528 2429 651 2488 tenetur,
670 2428 803 2478 obseruat
820 2425 1234 2483 1110101011001100000111000
1251 2431 1348 2484 initio

54 2502 171 2564 Qu
185 2528 196 2578 ς
211 2513 246 2564 01
257 2511 314 2563 1010
324 2510 442 2575 possunt
454 2512 536 2561 extra
547 2508 703 2574 religiones
715 2510 843 2560 01000100
855 2511 919 2560 voto
930 2508 975 2560 vel
988 2510 1050 2562 0100
1061 2513 1126 2563 roto
1145 2513 1204 2565 Deo
1223 2515 1346 2580 offerre3

58 2583 181 2647 unde
200 2593 405 2671 (1101100001οε
418 2591 542 2644 Thomas
554 2593 584 2656 ij.
597 2592 639 2656 ij,
652 2591 726 2655 0001
738 2591 768 2642 10
780 2590 876 2642 000010
891 2593 1019 2645 viuentcs
1031 2591 1139 2657 aliquid
1156 2596 1216 2648 Deo
1234 2597 1302 2649 daut
1318 2600 1348 2651 et
1378 2585 1380 2589 Α

56 2667 729 2743 ἶὶ1100110111100010001,0100000100]100
742 2674 861 2740 prelatis
874 2674 994 2728 ecclesie
1005 2676 1173 2728 subduntur.
1186 2677 1347 2746 Regulares

61 2757 207 2813 &utem
221 2761 339 2826 oportet
350 2761 441 2811 totum
454 2761 514 2811 Deo
527 2759 603 2824 quod
615 2759 721 2810 habent
733 2761 868 2823 tanquam
880 2757 1076 2810 holocaustum
1087 2760 1241 2826 oilerre,et
1252 2761 1349 2814 hoedi

67 2838 118 2888 91
128 2843 216 2896 fieri
225 2844 323 2908 potest
330 2844 440 2894 tantum
449 2856 502 2908 per
510 2843 566 2894 tria
575 2841 694 2894 consilia
703 2839 879 2893 uniuersalis
888 2840 1025 2905 predicta.
1034 2841 1070 2892 Et
1079 2841 1143 2894 ideo
1153 2843 1223 2894 dicit
1232 2844 1348 2912 ibidem,

77 2926 180 2983 quod
193 2924 239 2977 ad
248 2923 394 2976 seculares
405 2925 530 2990 pertinet
539 2926 649 2976 tantum
658 2921 844 2988 particularia
852 2924 918 2974 vota
927 2923 1040 2984 offerre,
1050 2923 1085 2974 01
1096 2924 1244 2990 regulares
1252 2929 1348 2979 autem

76 3005 295 3060 uniuersalis
306 3010 389 3069 vota;
401 3007 477 3059 unde
489 3006 676 3072 particularia
687 3007 753 3058 vota
765 3005 899 3056 dicuntur
915 3005 1056 3056 sacrificia
1066 3019 1145 3057 more
1161 3009 1300 3073 veterum,
1312 3009 1348 3062 10

82 3091 191 3142 euius
214 3080 331 3143 ratione
349 3090 405 3141 luit
421 3089 456 3141 10
474 3090 620 3141 offertorio
633 3089 693 3140 Deo
712 3085 806 3138 oblato
818 3089 929 3152 partem
946 3086 1015 3138 dare
1031 3088 1061 3139 et
1077 3089 1187 3152 partem
1203 3090 1349 3156 retinere3

83 3170 299 3225 uniuersalis
310 3183 379 3223 vero
390 3172 456 3224 rota
467 3171 664 3223 holocaustum
675 3171 817 3231 dicuntur,
831 3171 865 3222 de
881 3171 962 3221 00100
980 3171 1091 3223 ratione
1108 3172 1163 3223 luit
1179 3174 1270 3225 totum
1288 3174 1348 3226 Deo

82 3256 223 3308 offerre
235 3256 268 3308 et
279 3253 351 3307 nihil
364 3255 501 3316 retinere,
515 3254 592 3319 quod
603 3255 727 3319 pertinet
739 3253 774 3305 01
786 3252 862 3303 solos
872 3251 1024 3320 religiosos
1034 3266 1065 3305 se
1082 3255 1112 3305 et
1123 3258 1174 3307 sua
1185 3255 1216 3307 in
1233 3256 1349 3308 modum

82 3337 268 3392 cuiusdam
279 3336 442 3390 holocausti
452 3337 511 3389 1)οο
521 3337 693 3388 dedicantes.

128 3421 187 3474 Ex
218 3419 325 3485 quibus
350 3420 480 3484 sequitur
505 3419 664 3483 undecima,
686 3419 761 3483 quod
780 3418 913 3470 abdicare
930 3431 1101 3483 quemquam
1122 3421 1217 3472 omnia
1233 3422 1352 3487 propter

85 3503 267 3555 Christum
287 3503 369 3555 extra
388 3503 530 3567 predictas
550 3501 706 3568 religiones
727 3502 867 3553 manendo
886 3515 935 3553 seu
956 3503 1011 3552 nisi
1029 3516 1125 3554 veram
1143 3502 1268 3568 aliquam
1284 3504 1350 3556 reli·

86 3589 237 3652 gionem
249 3585 438 3651 ingrediatur,
451 3588 495 3636 est
507 3585 561 3636 sibi
573 3586 681 3646 010010,
695 3599 816 3648 quorum
828 3598 897 3636 cura
907 3585 962 3635 sibi
975 3585 1123 3647 incumbit,
1136 3588 1222 3638 vitam
1234 3588 1351 3640 subtra-
1403 3597 1405 3600 ’

87 3668 198 3732 here,
213 3668 292 3732 quod
304 3671 348 3720 est
359 3667 544 3720 homicidium
554 3671 596 3719 tot
609 3667 1169 3731 10010000000001110000001010000το
1181 3671 1350 3726 subduntur.

89 3752 175 3805 Hec
196 3753 245 3803 est
261 3751 298 3802 de
315 3753 410 3803 mente
427 3752 518 3803 sancti
537 3749 646 3803 Thome
663 3752 693 3815 ij.
709 3752 739 3814 ij.
757 3765 784 3814 0.
802 3751 900 3814 xxxiij.
919 3752 1098 3816 argumento,
1116 3754 1169 3802 010.
1189 3752 1231 3803 Ex
1248 3754 1351 3816 quibus

88 3834 263 3899 sequitur,
276 3833 351 3898 quod
369 3832 464 3885 nullus
482 3835 575 3899 potest
592 3833 799 3885 abdicationem
819 3833 945 3883 omnium
963 3835 1080 3898 propter
1097 3832 1239 3885 Christum
1256 3837 1352 3889 lacere

90 3921 202 3970 extra
213 3928 314 3967 veram
325 3915 497 3982 religionem
509 3917 650 3968 manendo
663 3917 724 3967 0100
741 3917 857 3980 0000010
875 3915 1001 3981 mortali,
1018 3917 1084 3980 quia
1101 3916 1281 3970 subtraheret
1298 3920 1353 3971 sibi

92 4002 218 4052 vitam.
239 3999 284 4050 Ex
302 3999 404 4063 quibus
416 4000 545 4063 sequitur
563 3999 637 4062 quod
656 4011 754 4049 omnes
772 4002 900 4062 peccant,
918 3999 967 4062 qui
979 3999 1054 4051 bona
1070 4012 1122 4050 sua
1138 3998 1307 4064 simpliciter
1324 4002 1353 4053 in

98 4081 311 4136 elemosinam
332 4079 495 4147 largiuntur
523 4081 605 4131 extra
629 4079 801 4145 religionem
823 4093 919 4131 veram
945 4080 1093 4141 manendo,
1123 4095 1179 4145 000
1201 4085 1245 4133 001
1269 4083 1355 4135 tertia

101 4162 270 4218 conclusio
288 4163 318 4214 in
338 4164 447 4215 ordine.
469 4163 505 4215 Et
527 4164 613 4215 etiam
631 4163 706 4227 quod
723 4164 851 4227 peccent,
869 4163 918 4226 qui
935 4176 987 4215 sus
1003 4164 1119 4228 propria
1134 4164 1282 4230 resignant
1298 4179 1355 4217 non

108 4245 266 4303 intrantes
287 4244 458 4316 religionem
476 4245 601 4314 aliquam
618 4247 813 4316 approbatam,
832 4258 887 4313 que
905 4247 949 4299 est
966 4246 1073 4300 decima
1090 4248 1193 4303 octaua
1208 4247 1238 4299 in
1255 4247 1355 4301 ordine
