3188 5340
185 502 234 556 ιιι
456 567 458 571 ‚
702 497 807 558 auno
825 503 890 559 mee

184 665 320 740 praelatis
342 671 398 724 lter
417 683 514 724 versas
534 668 697 736 Traiectum
717 670 894 735 arripuisset,
916 671 992 724 dieta
1009 670 1124 725 Martha
1141 673 1353 739 superveniens
1370 674 1411 727 eis

184 752 378 810 efficacissime
390 754 499 806 studuit
516 755 699 819 persuadere,
717 754 792 818 quod
803 755 1030 818 praememorato
1047 754 1411 823 presbytero,legislatori

183 834 244 900 abo,
262 838 354 904 magis
370 838 400 889 in
412 836 465 889 hac
480 838 562 902 parte
579 849 663 901 quam
686 836 910 901 quibuscumque
927 835 992 889 aliis
1010 838 1150 890 deberent
1166 839 1296 892 credere.
1319 840 1359 893 Et
1370 840 1410 891 sio

183 918 383 975 concluserunt
400 920 545 986 praedicto
566 932 629 970 cum
650 920 824 983 juramento,
844 920 1021 972 mendaciter
1043 919 1122 984 licet,
1146 919 1409 988 occultare;·quod

183 1005 261 1060 idem
279 1004 411 1056 sacerdos
433 1003 532 1067 postea
553 1001 670 1054 veniens
688 1002 846 1066 approbare
863 1002 1021 1064 videbatur,
1046 1003 1113 1067 quia
1125 1003 1207 1066 dixit,
1225 1003 1251 1055 si
1262 1005 1409 1066 iecissent,

183 1087 259 1152 quod
271 1082 371 1138 leviter
390 1083 525 1136 voluisset
542 1084 583 1136 eis
595 1096 710 1144 manum
726 1097 812 1148 super
823 1086 908 1149 caput
923 1096 1039 1149 ponere.
1053 1085 1117 1137 Non
1138 1086 1234 1138 mmen
1252 1086 1284 1138 in
1296 1088 1408 1139 tantum

183 1157 316 1236 poterant
335 1168 465 1229 suadere,
483 1167 551 1231 quin
562 1169 680 1231 propter
696 1165 857 1231 huiusmodi
875 1167 1095 1219 occultationem
1106 1168 1289 1235 contingeret
1297 1169 1408 1234 aliquas

183 1252 263 1305 exire
275 1251 419 1303 statatum
431 1248 592 1314 hujusmodi
604 1249 634 1300 in
646 1248 748 1300 etiectu
761 1249 893 1301 deserere
903 1262 936 1301 ac
949 1248 1078 1302 horrere.

216 1334 322 1386 Errant
341 1334 437 1384 autem
456 1332 486 1383 in
504 1330 568 1392 hoc,
586 1331 661 1395 quod
685 1332 821 1394 nitentur,
840 1331 945 1383 statum
961 1345 1044 1383 snum
1066 1332 1247 1397 praedictum
1271 1335 1408 1386 constitu·

183 1415 308 1472 tionibus
325 1416 354 1466 et
365 1412 603 1479 prohibitionibus
612 1411 759 1474 ecclesiae,
781 1415 813 1464 nt
824 1414 946 1476 videtur,
960 1415 1112 1467 manifeste
1124 1416 1316 1480 contrarium,
1325 1417 1409 1469 nimis

184 1498 370 1566 pertinaciter
380 1510 432 1561 pro
444 1494 523 1547 licito
533 1495 696 1559 defendere,
705 1496 735 1546 et
745 1509 808 1547 cum
820 1496 950 1547 omnibus
962 1497 1110 1549 ordinibus
1121 1497 1271 1561 ecclesiae,
1283 1501 1408 1552 maxime

184 1580 382 1641 foeminarum,
408 1577 575 1642 simpliciter
602 1578 757 1641 praeterre.
782 1578 895 1631 Habent
925 1579 1001 1630 enim
1030 1580 1167 1644 quasdam
1188 1580 1408 1634 informationes

177 1659 418 1730 'pro—detensione
440 1661 529 1711 status
558 1660 611 1711 sui'
624 1661 723 1711 contra
748 1660 941 1723 inquisitores,
956 1675 1028 1726 quas
1049 1675 1116 1715 reor
1143 1675 1206 1715 esse
1226 1665 1406 1729 supradictas

186 1745 333 1798 doctorum
355 1741 565 1795 coloniensium
583 1741 842 1805 determinationes,
864 1745 933 1795 satis
951 1746 1045 1796 tamen
1063 1745 1285 1809 impertinenter
1300 1760 1356 1812 pro
1367 1748 1407 1799 eis

184 1829 274 1881 iactas
291 1829 320 1878 et
336 1839 388 1892 per
400 1825 583 1890 'praetactum
611 1824 820 1890 presbyterum,
841 1826 968 1890 ipsarum
989 1827 1223 1892 gubernatorem,
1248 1829 1280 1880 in
1296 1827 1408 1895 vulgari

185 1910 260 1962 malo
289 1909 415 1962 utentem
443 1905 561 1958 consilio
597 1920 660 1957 cum
691 1908 907 1960 auctoritatibus
937 1911 967 1961 et
994 1908 1215 1974 allegationibus
1243 1911 1406 1963 translatas.

187 1992 294 2053 Quibus
316 1993 373 2043 tam
399 1990 584 2056 pertinaciter
606 1988 765 2050 inhaerent,
794 1991 869 2053 quod
903 1996 1015 2042 omnem
1045 1993 1207 2056 oppositum
1237 1993 1406 2045 sentientem

186 2075 319 2140 reputant
336 2087 392 2124 non
412 2073 447 2124 de
464 2072 577 2123 civitate
593 2071 763 2133 Jerusalem,
784 2072 834 2123 sed
852 2073 887 2125 de
907 2072 1053 2138 Babylone
1073 2073 1277 2136 errabundum,
1294 2087 1330 2127 eo
1347 2075 1406 2140 ipso

186 2157 261 2222 quod
278 2162 334 2207 non
345 2155 457 2207 videtur
472 2156 586 2215 statum,
603 2150 687 2219 quem
707 2154 758 2216 sic,
770 2156 802 2205 ut
814 2155 921 2206 dictum
933 2157 986 2218 est,
1005 2155 1070 2207 aliis
1087 2157 1265 2222 praeierunt,
1283 2157 1406 2223 ipsarum

186 2240 222 2292 ad
234 2239 352 2290 lubitum
363 2249 540 2302 promovere.
563 2237 626 2288 Non
639 2236 714 2288 enim
726 2235 825 2288 volunt
836 2237 967 2308 regulam
985 2239 1169 2303 approbatam
1187 2253 1345 2302 msumene,
1356 2253 1405 2291 nec

186 2321 389 2388 permittuntur
411 2320 446 2372 ab
466 2320 592 2384 ipsarum
611 2321 767 2370 memorato
800 2320 1002 2386 gubernatore,
1028 2321 1140 2372 dicente
1162 2333 1194 2373 se
1216 2320 1293 2374 velle
1314 2322 1404 2387 potins

187 2403 329 2458 stabulum
340 2402 479 2468 pecudum
490 2402 633 2453 custodire
645 2415 729 2466 quam
741 2413 798 2464 eas,
806 2403 830 2453 si
842 2403 956 2454 omnino
968 2402 1075 2456 vellent
1085 2403 1210 2469 aliquam
1221 2404 1402 2470 approbatam

78 2501 82 2509 ’
186 2474 317 2554 regulam
334 2486 473 2550 accipere.
492 2482 571 2543 Quod
584 2498 640 2535 non
653 2482 744 2535 solum
755 2483 887 2536 videntur
898 2486 927 2536 in
945 2497 975 2537 se
988 2486 1057 2550 ipsis
1069 2487 1182 2552 lugere,
1194 2487 1245 2539 sad
1269 2488 1356 2539 etiam
1375 2487 1401 2538 in

187 2567 413 2633 allisimpedire.
433 2566 502 2618 Cum
514 2568 590 2618 enim
607 2566 759 2620 novissime
776 2568 842 2620 ante
859 2567 1027 2619 decennium
1046 2569 1076 2620 in
1099 2569 1214 2621 civitate
1229 2569 1401 2635 'lrsjoctcnsi

187 2653 282 2704 essent
300 2650 364 2716 plus
386 2663 471 2715 quam
493 2649 576 2702 XXX
599 2648 739 2702 notabiles
759 2648 883 2714 puellae,
907 2663 943 2701 ex
966 2649 1084 2715 speciali
1103 2651 1256 2703 devotione
1271 2653 1400 2704 mundam

147 2742 152 2749 ·
187 2732 313 2786 volentes
336 2734 527 2794 contemnere,
550 2731 697 2797 amplexus
712 2732 859 2784 maritales
881 2745 1017 2796 spernere
1040 2734 1127 2798 atque
1149 2734 1247 2785 omnia
1265 2734 1341 2787 bona
1354 2747 1398 2785 sua

187 2815 305 2870 mobilia
327 2819 412 2880 atque
428 2814 595 2875 immobilia,
618 2815 779 2880 praesentia
801 2816 831 2865 et
849 2816 955 2876 futura,
973 2829 1025 2881 pro
1044 2815 1213 2868 fundatione
1235 2817 1320 2868 unius
1340 2815 1396 2868 novi

187 2899 353 2953 monasterii
365 2898 554 2960 contribuere,
574 2898 604 2948 in
616 2897 691 2961 quod
702 2897 754 2948 sub
772 2898 851 2948 certa
867 2897 969 2964 regula
987 2900 1016 2949 et
1027 2899 1165 2963 perpetua
1184 2897 1317 2951 clausura
1327 2913 1357 2950 ac
1370 2898 1393 2948 in

188 2975 330 3033 communi
341 2981 403 3033 sine
421 2979 587 3044 particulari
610 2979 785 3044 proprietate
797 2979 894 3044 aliqua
910 2982 1026 3045 possent
1037 2979 1166 3032 creatori
1183 2995 1235 3033 suo
1247 2981 1393 3043 servirent

161 3072 162 3075 ’
188 3056 399 3128 circumspectis
416 3063 546 3114 omnibus
564 3075 599 3115 ex
629 3062 714 3114 certis
734 3063 955 3114 circumstantiis
972 3077 1028 3114 non
1040 3064 1193 3128 appareret
1209 3065 1240 3116 in
1262 3064 1390 3130 praedicta

188 3146 303 3198 civitate
311 3144 389 3197 locus
398 3145 491 3210 aptior
500 3157 584 3208 quam
592 3143 742 3210 ille,quem
750 3145 912 3210 praedictus
921 3146 1071 3210 presbyter
1080 3159 1145 3197 cum
1153 3146 1285 3211 praefata
1294 3143 1388 3198 Martha

189 3230 220 3281 et
230 3228 288 3279 suis
297 3228 408 3279 noviter
418 3225 578 3280 inhabitare
591 3229 723 3292 coeperat
731 3229 760 3279 et
772 3229 947 3290 construere,
962 3229 1037 3279 dicto
1049 3228 1144 3279 tamen
1156 3226 1219 3279 loco
1231 3228 1293 3281 sine
1303 3227 1385 3279 mnne

187 3309 314 3377 ipsarum
327 3323 378 3375 pro
396 3310 453 3360 tam
472 3322 577 3376 magno
595 3310 667 3360 bono
685 3308 721 3361 ad
740 3308 863 3376 gloriam
880 3310 933 3361 Dei
951 3310 1275 3375 promovendoomnino
1292 3285 1384 3362 nolebat

190 3393 302 3455 cedere,
314 3392 441 3456 quamvis
453 3386 602 3442 a‘dominis
615 3393 644 3443 et
655 3392 788 3457 gravibus
799 3392 868 3443 viris
880 3392 1064 3445 exhiberetur
1076 3393 1118 3445 eis
1130 3393 1243 3445 iterum
1248 3395 1278 3446 et
1287 3390 1381 3458 pluries

190 3474 276 3539 quod,
285 3475 435 3539 antequam
444 3474 510 3525 inde
522 3474 642 3536 exirent,
663 3473 768 3526 vellent
777 3475 819 3525 eis
830 3475 860 3525 in
872 3476 986 3528 civitate
997 3475 1028 3527 in
1039 3474 1096 3527 alio
1108 3474 1171 3527 loco
1180 3475 1250 3540 ipsis
1261 3485 1341 3538 aeque
1350 3466 1380 3519 vel

188 3556 281 3624 magis
305 3569 430 3622 congruo
458 3555 516 3608 alia
542 3556 671 3608 aedilicia
698 3556 739 3607 ita
761 3555 805 3608 vel
834 3557 926 3623 magis
955 3558 1038 3620 bona,
1066 3570 1151 3623 quam
1177 3559 1236 3623 jam
1258 3553 1378 3609 naama

189 3638 341 3692 aedificare
364 3651 413 3691 seu
426 3637 599 3692 construere.
613 3638 775 3690 Maluerunt
786 3639 862 3691 enim
875 3640 976 3702 Deum,
987 3642 1019 3691 ut
1027 3640 1149 3701 videtur,
1159 3640 1239 3692 tanto
1255 3632 1378 3704 praecelli⁰

188 3723 276 3787 atque
286 3721 375 3773 totam
385 3721 559 3786 provinciam
568 3722 664 3774 tantae
675 3721 787 3773 virtutis
798 3721 929 3786 exemplo
940 3723 1063 3787 privare,
1071 3735 1156 3788 quam
1164 3721 1220 3774 hoc
1230 3720 1378 3788 permittam

189 3804 222 3857 ut
240 3795 395 3856 sanctiores
406 3803 475 3868 ipsis
483 3804 589 3855 ibidem
607 3803 768 3868 inciperent
785 3816 933 3870 apparere.
946 3805 1037 3856 Prout
1054 3804 1231 3857 haecomnia
1246 3796 1378 3870 supradicit

189 3883 291 3940 coram'
303 3886 413 3938 notarlo
436 3887 465 3938 et
480 3886 599 3938 testibus
619 3888 686 3937 sunt
701 3887 866 3951 inquisitori
889 3888 1045 3952 praedicto,
1069 3888 1214 3940 mediante
1235 3880 1377 3954 juramenta

189 3968 285 4022 delata
296 3969 330 4021 ab
341 3966 415 4034 illis,
427 3981 500 4033 quae
519 3967 564 4019 his
587 3968 716 4020 omnibus
739 3969 902 4034 praesentes
924 3971 1116 4023 interfuerant
1137 3972 1167 4022 et
1186 3970 1313 4023 consciae
1327 3959 1376 4017 exh'·

189 4053 293 4105 terant.
317 4049 354 4102 Et
364 4050 459 4102 omnia
481 4052 510 4103 et
526 4050 608 4116 plura
620 4049 677 4102 alia
687 4051 809 4103 inveniri
831 4054 965 4116 poterunt
976 4053 1011 4105 ab
1029 4053 1139 4117 eismet,
1152 4044 1226 4118 quae
1242 4053 1272 4104 in
1287 4053 1377 4114 cong*

189 4134 351 4202 gationibus
370 4134 504 4194 existunt,
521 4133 545 4184 si
555 4146 640 4197 super
651 4132 696 4184 his
709 4134 804 4186 debite
818 4134 1009 4199 inquirantur.

369 4289 373 4301 Ι
450 4233 477 4285 N
478 4246 528 4284 aar
537 4245 589 4285 een
598 4233 654 4283 oud
666 4232 843 4285 handschriit
852 4234 1006 4300 atgedrukt
1015 4236 1052 4300 bij
1062 4235 1080 4289 J
1082 4250 1108 4287 0.
1121 4236 1290 4288 Lamentius
1300 4227 1379 4287 alloi·

482 4314 569 4379 heim,
580 4315 619 4367 De
629 4313 787 4383 aeotarda
798 4323 824 4368 et
832 4315 1022 4384 Bagalnatas,
1036 4317 1103 4382 Gap.
1113 4316 1167 4380 III,
1180 4317 1235 4370 bla.
1247 4311 1379 4370 4434ον

480 4395 541 4449 Van
553 4397 595 4448 dit
611 4411 675 4451 aeer
695 4397 857 4464 belangrljk
872 4399 948 4461 stuk,
972 4399 1182 4466 verkeerdelijlr
1202 4414 1239 4466 op
1258 4393 1380 4454 1393-1394

481 4478 711 4546 teruggebracht,
723 4482 773 4547 gai
792 4480 823 4532 ih
843 4480 947 4532 slechts
967 4494 1022 4534 een
1041 4481 1121 4535 klein
1137 4482 1289 4535 uittrehsel
1304 4484 1331 4535 in
1345 4473 1381 4528 hii

410 4559 412 4563 ’
480 4552 1086 4633 aeaoeuoelvannetempui,n1a351ssa
1100 4555 1382 4621 notwomtnterul·
