3256 5324
12 4414 46 4531 l

631 495 735 548 ANNO
753 493 819 549 1³43

616 718 673 788 co
697 707 848 808 (maru.

164 912 252 987 1343,
277 908 432 977 Junum'
450 913 502 985 21,
528 909 701 998 Auipnon.
720 909 780 976 Bul
794 929 859 975 van
871 908 1021 977 Clemens
1035 909 1083 976 VI
1099 907 1228 995 gericht
1240 913 1291 977 tot
1302 908 1343 975 de

76 1012 274 1101 Begijnen
290 1032 355 1080 van
370 1011 579 1094 St-l'rniden,
598 1011 733 1100 waarbij
759 1012 804 1100 hij
823 1012 994 1078 herinnert
1011 1031 1074 1079 san
1090 1012 1130 1079 de
1146 1010 1255 1079 bullen
1277 998 1346 1080 van

68 1117 263 1189 Clemens
280 1117 366 1183 Ven
382 1136 447 1183 van
469 1116 638 1183 lohannes
650 1116 749 1183 XXII
765 1136 807 1183 en
823 1135 885 1182 san
898 1114 939 1180 de
955 1114 1139 1202 vrijspraals
1156 1104 1340 1202 nitgespro·
1434 1155 1442 1207 5

62 1223 176 1290 ken
193 1217 277 1286 door
291 1219 354 1285 den
373 1218 558 1286 Luikschen
574 1218 724 1305 bisschop
741 1217 843 1286 Adoll
853 1239 917 1286 van
935 1217 994 1284 der
1009 1216 1119 1286 Mark.
1140 1253 1181 1267 -
1203 1219 1248 1284 De
1261 1238 1342 1304 psus

58 1328 189 1408 zegt
213 1322 354 1390 randis
380 1321 540 1410 Begijnen
571 1342 632 1388 een
664 1320 893 1391 smeekschrift
922 1325 956 1387 te
987 1319 1116 1388 hebben
1136 1326 1340 1407 ontrsngen‚

58 1424 242 1497 waaris
258 1424 419 1493 sertoond
436 1424 527 1490 werd
544 1425 607 1493 hoe
622 1425 772 1494 Clemens
788 1425 819 1492 V
835 1423 874 1491 de
888 1423 1131 1511 Begijnenorde
1153 1423 1341 1511 st‘geschst't

55 1526 175 1605 had
191 1547 328 1616 vagans
341 1528 423 1595 hare
435 1527 610 1617 ketlerijen
625 1548 666 1595 en
679 1527 801 1594 andere
814 1527 1134 1616 misgrepen‚vooral
1145 1528 1180 1595 in
1193 1528 1343 1596 Duitsch·

58 1631 205 1712 land,
231 1653 326 1700 mear
341 1633 403 1700 hoe
419 1632 617 1718 vervolgens
639 1630 790 1720 bisschop
814 1630 917 1698 Adolf
934 1652 998 1699 ran
1015 1631 1075 1698 der
1090 1631 1198 1708 Mari.
1219 1653 1260 1718 op
1276 1631 1342 1700 last

58 1754 173 1808 van
192 1736 364 1804 lohannes
387 1736 501 1815 XXII,
520 1756 581 1802 een
597 1735 782 1802 onderzoels
806 1735 871 1802 had
894 1735 1070 1822 iugssteld
1097 1735 1154 1803 dat
1172 1734 1283 1821 uitliep
1300 1755 1341 1822 op

59 1842 170 1922 het
186 1837 306 1929 bewijs
323 1860 385 1907 van
403 1839 442 1907 de
456 1838 781 1925 rechtgeloorigheid
797 1838 855 1905 der
872 1839 1031 1927 Begijnen
1048 1858 1113 1906 van
1129 1836 1338 1907 Stl'ruiden.

69 1941 245 2025 Zonder
260 1941 342 2011 hare
365 1942 444 2010 orde
468 1941 705 2032 nildrulrlselijlr
730 1945 764 2008 te
786 1941 898 2009 willon
923 1941 1146 2028 goedkeuren,
1172 1940 1341 2008 verklaart

63 2052 150 2128 de
167 2066 262 2132 psus,
276 2046 334 2116 dat
348 2045 394 2134 hij
412 2045 507 2128 haar,
521 2051 572 2114 tot
588 2047 663 2113 loon
676 2046 775 2113 hares
790 2045 994 2131 deugden'en
1007 2042 1193 2113 stichtende
1205 2044 1340 2110 larens-

73 2150 225 2238 vijze,
240 2151 298 2218 het
312 2149 487 2217 voorreclnt
503 2148 644 2217 sohenlrt
660 2169 712 2215 om
729 2148 761 2215 in
780 2148 840 2236 tijd
856 2169 920 2216 van
935 2147 1100 2235 kerkelijls
1122 2146 1276 2215 interdici
1300 2146 1341 2214 de

75 2252 299 2354 goddelijlse
313 2252 465 2322 diensten
482 2259 515 2321 te
531 2252 777 2333 onderhouden,
796 2253 835 2318 de
852 2256 1079 2318 sacramentsn
1095 2254 1130 2318 ts
1146 2254 1335 2336 ontvangen

79 2379 158 2436 en
173 2357 206 2424 in
219 2355 260 2424 de
271 2356 413 2446 gewijde
425 2357 524 2424 sarde
536 2356 701 2445 begraven
718 2363 752 2423 te
764 2355 916 2424 worden.

154 2495 279 2550 Clemens
290 2496 450 2562 episcopus,
458 2509 556 2548 servus
564 2508 711 2547 servorum
723 2494 784 2558 Dei,
795 2494 908 2547 dilectis
919 2495 949 2546 in
959 2492 1072 2548 christo
1081 2491 1194 2544 filiabus
1204 2493 1342 2559 magistre

93 2582 151 2637 et
162 2574 427 2644 segninauussurie
438 2576 539 2629 Sancte
552 2578 672 2644 Agnetis
685 2591 775 2643 prope
798 2578 913 2644 opidum
937 2576 1032 2629 Sancti
1050 2575 1192 2627 Trudonis
1211 2577 1242 2627 in
1258 2590 1342 2627 com-

98 2657 193 2718 nuni
210 2657 380 2723 viventibus,
390 2660 556 2712 leodiensis
567 2661 698 2726 diocesis,
716 2661 837 2713 salutem
855 2664 884 2712 et
900 2658 1085 2726 apostolicam
1103 2658 1337 2713 benedictionem.

156 2739 289 2792 Personas
298 2743 432 2794 vacantes
448 2741 560 2794 assidue
572 2742 675 2793 divinis
684 2742 829 2808 obsequiis
839 2754 893 2807 per
903 2741 1028 2793 studium
1039 2741 1086 2806 pie
1098 2740 1156 2791 vite
1167 2752 1201 2791 ac
1212 2739 1243 2791 in
1256 2740 1340 2793 bene-

103 2822 225 2897 placitis
237 2823 354 2876 Domini
364 2823 537 2877 delectantes
546 2824 670 2877 libenter
681 2825 837 2891 apostolico
849 2827 947 2877 levore
958 2823 1157 2889 prosequimur
1167 2824 1198 2873 et
1214 2823 1266 2884 eis,
1285 2836 1341 2887 que

107 2913 155 2963 in
173 2904 224 2956 iiis
240 2907 395 2970 presertim
414 2907 516 2959 divinis
534 2907 636 2959 officiis
658 2908 787 2960 devotius
807 2908 942 2968 existunt,
963 2907 1072 2957 intente
1096 2919 1147 2956 nos
1172 2903 1340 2956 exhibemus

108 2987 254 3060 propicius
272 2991 302 3040 et
320 2989 466 3055 benignos.
486 2989 559 3042 Sane
582 2990 683 3055 petitio
703 2993 799 3043 vestra
816 3003 908 3056 nuper
927 2989 1009 3040 nobis
1021 2986 1150 3040 exhibita
1164 2986 1340 3049 continebat,

112 3071 198 3138 quod,
213 3070 284 3123 licet
303 3072 396 3123 felicia
413 3060 622 3124 recordacionis
646 3072 775 3128 Clemens
792 3086 866 3138 papa
885 3072 1009 3136 quintus,
1028 3069 1212 3135 predecessor
1233 3071 1340 3132 noster,

111 3156 215 3208 statum
226 3153 390 3216 mulierum,
400 3167 455 3219 que
463 3154 594 3221 Beghine
605 3155 765 3223 vulgariter
775 3158 805 3207 et
815 3156 1004 3206 communiter
1012 3153 1194 3213 vocabantur,
1204 3152 1340 3216 precipue

113 3235 319 3289 dstllemanie
329 3237 468 3302 partibus,
487 3251 607 3302 quarum
619 3238 714 3303 alique
734 3239 769 3290 de
781 3251 891 3290 summa
907 3237 1037 3288 trinitate
1054 3236 1083 3287 et
1099 3234 1195 3284 divina
1212 3233 1340 3285 essencia

111 3319 256 3384 disputare
274 3321 304 3371 et
323 3320 410 3372 etiam
430 3319 589 3385 predicare,
608 3321 684 3372 ciros
709 3319 844 3372 articulos
870 3332 982 3384 quoque
1008 3317 1076 3369 fidei
1098 3322 1127 3368 et
1147 3313 1340 3368 ecclesiastica

110 3404 290 3454 smmmenta
298 3401 447 3466 opiniones
456 3401 523 3452 fidei
541 3401 668 3467 predicte
680 3402 838 3453 contrarias
850 3400 1031 3452 introducere
1051 3397 1262 3463 multorumque
1273 3399 1338 3449 sim·

105 3479 228 3547 plicium
237 3483 349 3535 animas
361 3484 391 3534 in
400 3483 526 3535 diversos
537 3483 688 3549 superbiis
697 3496 810 3535 errores
826 3483 963 3535 inducere
975 3484 1004 3535 et
1016 3480 1172 3533 aliamulta
1181 3481 1340 3533 animarum

103 3564 238 3627 pericula
250 3565 394 3630 parientia
403 3566 499 3618 lacere
513 3566 564 3616 sub
576 3567 670 3617 luceto
688 3565 846 3617 sanctitatis
863 3563 1003 3616 velamine
1021 3563 1233 3629 presumebant,
1245 3562 1340 3629 prohi-

103 3645 234 3700 bendum
245 3649 385 3713 perpetuo
398 3647 512 3700 duxerit
529 3650 558 3700 et
570 3662 588 3700 a
600 3648 653 3701 Dei
670 3646 792 3700 ecclesia
803 3648 941 3712 perpetuo
954 3645 1135 3708 abolendum,
1147 3645 1177 3696 in
1190 3645 1265 3708 illas,
1283 3659 1339 3710 que

99 3728 216 3782 stasim
226 3730 392 3782 huiusmodi
408 3731 467 3796 iam
478 3732 653 3796 assumptum
670 3729 791 3781 ulterius
803 3731 990 3791 sectarentur,
1003 3731 1052 3780 aut
1068 3741 1123 3793 que
1135 3728 1170 3780 de
1183 3742 1255 3779 novo
1267 3727 1340 3778 illud

98 3814 299 3876 assumerent,
320 3813 621 3865 excommunicationis
638 3813 809 3865 sententiam
833 3811 1060 3878 promulgand03
1077 3811 1173 3864 tamen
1190 3811 1339 3877 postmodo

95 3894 282 3949 venerabilis
306 3895 398 3947 mter
421 3897 519 3947 noster
545 3894 702 3961 adulphus,
723 3895 873 3961 episcopus
898 3894 1074 3956 leodiensis,
1101 3894 1273 3946 auctoritate
1292 3893 1339 3959 pie

98 3979 248 4032 memorie
255 3975 274 4029 J
276 3974 397 4029 ohannis
409 3989 481 4043 pape
493 3976 620 4030 vicesimi
631 3976 758 4040 secundi,
779 3975 988 4042 predecessoris
1008 3977 1108 4038 nostri,
1130 3976 1184 4027 sibi
1202 3988 1255 4040 per
1273 3988 1339 4026 suas

98 4058 182 4110 certi
193 4060 302 4112 tenoris
311 4058 411 4112 literas
429 4061 460 4113 in
470 4074 504 4113 ea
515 4063 596 4126 parte
608 4074 755 4113 concessas
774 4060 906 4127 diligenti
927 4073 1013 4126 super
1032 4062 1091 4112 vita
1108 4062 1204 4113 restra
1220 4061 1338 4125 inquisi-

103 4139 195 4194 cione
219 4141 379 4208 prehabito,
407 4157 472 4196 cum
499 4145 653 4209 reperisset
675 4157 728 4209 per
752 4144 970 4209 inquisicionem
998 4142 1117 4195 eandem
1145 4157 1194 4194 vos
1219 4143 1338 4209 pretatis

105 4221 356 4291 dispuucioninus
364 4226 649 4292 etpredicacionibus
657 4241 713 4281 non
722 4225 874 4278 involvisse
886 4239 938 4277 nec
949 4225 1104 4288 involvere,
1125 4239 1179 4277 nec
1190 4226 1339 4290 opiniones

109 4307 271 4362 commu
287 4307 426 4361 atholice
438 4309 506 4361 fldei
517 4323 568 4362 seu
580 4307 652 4362 alios
663 4323 776 4362 errores
784 4310 966 4360 introducere
979 4309 1183 4373 presumpsisse
1200 4307 1338 4358 hactenus

112 4388 343 4461 vdpsmmere,
354 4391 406 4446 sed
425 4407 474 4444 ros
491 4391 674 4446 laudabiliter
686 4394 715 4444 et
736 4390 854 4444 honeste
874 4391 978 4441 vixisse
991 4392 1021 4442 et
1040 4391 1136 4441 vivere
1153 4388 1263 4451 devote,
1281 4389 1337 4441 ire·

120 4476 254 4530 mse
269 4472 406 4531 Manias
421 4477 453 4531 et
467 4475 587 4543 prelatis
605 4475 707 4529 restris
730 4476 895 4527 reverenter
917 4473 1002 4526 etiam
1027 4472 1154 4536 obedire,
1172 4470 1337 4534 declaravit,

378 4560 396 4594 ⁴
406 4570 471 4617 uo
485 4559 724 4628 permitterentne
741 4559 847 4623 absque
864 4555 1063 4610 molestatione
1080 4567 1248 4621 quacunque
1258 4554 1290 4606 in
1302 4567 1337 4608 eo
