3188 5340
714 515 820 573 ANNO
836 515 901 570 1423

690 740 765 809 148
790 731 919 833 (ece).

233 928 327 1011 1423,
344 949 393 998 no
404 929 596 999 November
610 933 662 1013 12,
680 932 798 1003 Rome.
817 932 923 999 Breve
937 951 1003 999 van
1028 928 1190 999 Martinus
1215 928 1259 1011 V,
1278 927 1385 1016 gericht

188 1037 238 1102 tot
252 1033 389 1104 Willem
404 1032 452 1101 1v
467 1052 533 1100 van
548 1033 716 1114 Chaliant,
737 1033 885 1122 bisschop
910 1051 973 1102 van
998 1037 1186 1113 Lauaanne,
1208 1031 1338 1121 waarbij
1353 1030 1385 1119 iij

189 1136 265 1204 hem
288 1135 417 1204 beveelt
432 1136 496 1203 den
522 1137 694 1207 hervallen
716 1137 829 1206 ketter
858 1137 1010 1207 Nicolaas
1036 1136 1217 1216 Serrurier,
1244 1134 1323 1202 door
1340 1134 1387 1202 deu

188 1239 386 1326 inquisiteur
398 1244 431 1307 te
447 1240 618 1310 Lausanne
633 1248 734 1329 gerat
756 1263 798 1309 en
814 1261 987 1329 gorangon
1003 1238 1190 1328 gehouden,
1218 1239 1288 1307 niet
1312 1238 1387 1306 leste

186 1342 288 1421 laten,
319 1363 411 1410 mear
433 1348 468 1412 te
490 1343 637 1427 straden,
667 1345 956 1432 ovoreenkomstig
977 1344 1064 1434 ziJne
1091 1349 1180 1412 tneo
1207 1340 1388 1431 opvolgsnie

190 1446 492 1535 vereordeelingen.

223 1577 362 1630 Martinus
374 1578 534 1644 episcopus,
552 1580 607 1632 etc.
619 1578 785 1635 Venerabili
803 1578 889 1632 tratri
900 1579 1034 1646 episcopo
1051 1577 1228 1632 Lausanenai
1239 1576 1389 1632 salutemet

189 1659 375 1726 apostolicam
384 1661 620 1715 benedictionem.

221 1741 428 1805 Intelleximus,
441 1744 516 1808 quod
534 1743 584 1797 ille
599 1744 736 1798 Nicolnus
748 1745 905 1798 Serrurarii
918 1744 1026 1796 ordinis
1037 1744 1128 1796 sancti
1140 1743 1302 1810 Augustini,
1311 1743 1391 1795 eunus

189 1838 274 1890 quem
290 1825 361 1877 alias
373 1826 545 1878 venerabilis
564 1828 655 1879 irater
673 1828 808 1893 loannes,
832 1829 892 1878 tum
910 1827 1053 1892 patriarca
1072 1822 1390 1892 Constantinopolitanus.

189 1921 264 1959 nunc
276 1906 505 1973 archiepiscopus
516 1907 767 1976 Rothomagensis,
778 1909 917 1974 processit
928 1909 958 1961 et
975 1909 1082 1960 certam
1099 1907 1271 1961 sententiam
1286 1904 1356 1970 tulit,
1371 1904 1392 1954 et

189 1988 321 2042 similiter
333 1992 432 2055 postea
443 1990 564 2043 dilectus
574 1991 649 2044 iilius
660 1992 766 2052 noster,
776 1988 917 2044 Antonius
929 1990 1006 2042 tituli
1015 1992 1112 2044 sancte
1123 1989 1252 2043 Susanna
1263 1987 1391 2054 presbyter

189 2071 349 2136 cardinalis,
365 2072 401 2124 de
412 2074 509 2124 nostro
529 2074 661 2126 mandato
684 2073 772 2126 etiam
789 2073 874 2126 aliam
897 2074 1067 2127 sententiam
1083 2069 1281 2140 promulgauit
1294 2070 1391 2136 propter

188 2155 280 2207 certas
289 2154 484 2207 conclusiones
493 2169 626 2208 erroneas
644 2155 673 2207 in
686 2156 743 2209 tide
760 2155 901 2210 catholico
912 2170 982 2222 quas
1002 2155 1128 2220 tenebat,
1138 2155 1253 2208 nouiter
1264 2155 1356 2219 eaptus
1369 2151 1390 2202 et

188 2237 348 2302 detemptus
359 2238 441 2289 estin
454 2238 570 2290 ciuitate
579 2238 754 2290 Lausanensi
763 2252 815 2304 per
824 2238 959 2291 dilectum
971 2237 1062 2289 tilium
1072 2237 1274 2302 inquisitorem
1284 2234 1390 2288 henetiee

187 2321 347 2385 prauitatis.
358 2321 395 2373 Et
406 2321 483 2386 quia,
495 2322 568 2373 sicut
579 2321 726 2373 informati
743 2335 850 2384 sumus,
868 2321 960 2372 dictus
972 2320 998 2372 N
1000 2318 1108 2372 icolaus
1120 2317 1291 2384 supradictis
1299 2317 1389 2368 senten·

187 2403 235 2454 tiis
244 2417 302 2456 non
310 2404 406 2469 paruit
417 2417 470 2456 nec
481 2403 644 2468 aliqualiter
655 2417 685 2456 se
703 2404 837 2465 correxit,
856 2404 991 2467 tanquam
1002 2404 1155 2455 contumax
1171 2402 1202 2454 et
1218 2399 1389 2458 manducas.

187 2480 316 2538 volumus
336 2488 365 2539 et
380 2487 555 2539 maternitati
571 2488 621 2539 tue
641 2488 741 2540 tenore
758 2487 937 2552 presencium
957 2482 1160 2537 committimus
1176 2486 1208 2536 et
1234 2482 1390 2544 mmdamus,

188 2569 327 2633 quatenus
339 2568 436 2621 taliter
447 2570 609 2635 prouideas,
618 2571 694 2634 quod
706 2583 763 2622 non
775 2568 922 2622 relaxetur
930 2569 959 2621 et
972 2568 1048 2633 quod
1060 2581 1117 2619 non
1129 2569 1279 2620 remaneat
1288 2562 1390 2631 impuni-

187 2651 242 2713 tus,
255 2651 305 2702 sed
315 2653 415 2704 contra
423 2665 489 2704 eum
497 2651 633 2717 procedas
645 2654 674 2706 et
685 2652 801 2718 procedi
810 2652 897 2704 iacias
909 2651 1053 2704 mediante
1063 2650 1182 2714 iustitia,
1200 2650 1232 2702 vt
1242 2649 1302 2702 eius
1312 2642 1390 2698 debita

185 2732 295 2799 punitio
317 2733 381 2786 aliie
399 2736 527 2787 transeut
546 2734 578 2786 in
602 2733 773 2800 exemplum.

219 2816 334 2883 Datum,
355 2816 411 2869 eto.

450 2897 568 2953 Geheim
585 2899 704 2953 Archiei
719 2913 774 2953 van
794 2897 845 2952 het
861 2897 1019 2965 Vatilman3
1036 2898 1115 2952 Arm.
1137 2895 1275 2964 xxm,
1290 2892 1350 2948 deel
1365 2889 1390 2952 V»

477 2977 904 3045 iol.122,eneee1vl,tol.ee;
923 2977 1078 3045 aigedrukt
1097 2977 1136 3042 bu
1160 2975 1294 3038 caueme,
1312 2967 1392 3028 reme

480 3061 640 3125 dmwier,
650 3060 702 3113 blz.
712 3060 831 3115 326-827.
843 3087 875 3101 -
885 3060 960 3115 Over
971 3061 1007 3114 de
1023 3060 1175 3127 duoeering
1184 3072 1241 3112 van
1251 3058 1294 3110 dit
1303 3069 1337 3110 en
1345 3053 1391 3107 rol·

480 3144 573 3212 gende
590 3143 723 3207 stultiam,
740 3144 783 3196 aie
793 3145 830 3196 dc
841 3141 1020 3212 belangrljke
1037 3141 1247 3211 opmerkingen
1263 3153 1315 3194 van
1330 3139 1392 3191 cau·

479 3226 553 3290 chie,
564 3225 673 3293 alduar,
685 3225 738 3280 blo.
748 3225 867 3280 ete-324.

678 3424 755 3494 149
783 3412 910 3515 (266⁸).

232 3615 324 3695 1423,
342 3632 391 3681 no
407 3612 599 3683 November
614 3617 666 3697 12,
685 3617 804 3685 Rome.
821 3619 928 3684 Breve
943 3634 1008 3683 van
1026 3613 1190 3681 Martinus
1215 3613 1259 3692 V.
1278 3607 1396 3699 gericht

186 3719 238 3785 tot
253 3716 391 3786 Willem
406 3716 454 3785 IV
468 3737 533 3784 vnn
549 3717 717 3803 Ghallaut,
742 3718 893 3806 biaschop
909 3737 974 3786 van
997 3719 1183 3798 Lausanne,
1200 3713 1336 3801 waarbij
1356 3710 1395 3798 hij

183 3818 258 3886 hem
274 3819 443 3907 nogmaals
459 3818 590 3888 beveelt
602 3820 666 3889 den
683 3822 854 3890 hervallen
877 3821 990 3890 ketter
1005 3819 1157 3889 Nicolaas
1180 3817 1398 3886 Serrurierte

186 3920 336 3991 straden.
350 3957 395 3973 -
407 3925 453 3989 De
475 3943 556 4010 psus
572 3929 660 4011 zegt,
678 3925 735 3994 dat
748 3925 793 4015 hij
808 3926 885 3992 hem
896 3925 997 4011 daags
1015 3932 1046 3993 te
1062 3942 1164 3991 voren
1175 3921 1274 3990 reoda
1285 3921 1319 3988 in
1333 3918 1397 3986 dar

185 4025 240 4092 zin
255 4024 349 4092 heeft
361 4025 577 4113 geschreven.
595 4028 648 4116 Hij
678 4029 735 4096 wil
759 4029 840 4112 niet,
866 4029 926 4096 dat
945 4025 1141 4095 Serrurier’s
1164 4024 1332 4094 miadeden
1353 4025 1398 4089 ter

185 4127 325 4196 corzake
350 4149 413 4196 van
440 4130 464 4196 ’s
493 4128 661 4217 biaschops
693 4130 946 4200 onwetendheid
969 4129 1198 4198 dauromtrent
1223 4119 1397 4215 enguciae

185 4228 321 4318 blijven.
340 4233 480 4300 Dasrom
494 4231 668 4302 herinnert
679 4234 724 4322 hij
742 4255 806 4303 aan
822 4233 1016 4302 Serrnrier's
1032 4231 1204 4301 kettersch
1227 4230 1349 4320 gedrag
1367 4225 1396 4292 il

186 4330 244 4401 het
270 4334 496 4404 Duorniksche
518 4355 561 4404 en
583 4337 643 4404 het
669 4336 888 4426 omliggeude,
918 4357 982 4405 aan
1013 4335 1054 4405 de
1082 4333 1281 4424 bepalingen
1303 4331 1396 4420 aiJnor

187 4437 435 4529 veroordeeling
450 4444 485 4508 te
506 4437 683 4523 mnsam,
708 4461 772 4509 nan
795 4439 880 4530 aijne
896 4439 1109 4527 overtreding
1123 4437 1198 4506 dier
1213 4436 1395 4527 eopaingon

188 4559 254 4609 nan
266 4540 325 4634 het
347 4542 476 4626 nonam,
491 4562 555 4614 ean
569 4543 635 4633 siju
647 4541 907 4634 beroepsgeding
924 4561 965 4610 en
982 4559 1047 4611 aun
1062 4540 1104 4608 de
1118 4539 1325 4631 bevestiging
1338 4554 1392 4607 van
