3188 5340
587 105 691 161 aribo
710 107 774 159 1³24
1262 109 1295 160 87

72 273 165 325 divina
183 273 368 340 providencia
385 288 457 341 pape
477 275 545 339 xxij,
557 275 688 339 pervenit
704 275 841 335 auditum,
860 288 922 326 esse
942 274 1079 339 plurimas
1097 277 1126 327 in
1139 277 1253 328 civitate
1265 278 1295 327 et

71 357 176 410 uoces
186 357 339 410 leodiensi
348 355 484 408 mulieres
496 355 642 423 Beghinas
651 355 820 422 simpliciter
832 359 1017 422 nuncupatas,
1028 372 1084 423 que
1095 371 1147 423 per
1158 354 1295 410 virtutum

71 439 255 492 odoramenta
272 440 419 491 currentes
435 438 555 490 honeste
574 439 681 500 vivunt,
699 439 800 491 devote
815 441 998 504 trequentant
1014 440 1158 504 ecclesias,
1176 441 1295 505 prelatis

70 522 128 573 suis
138 522 309 574 reverenter
320 521 465 583 obediunt,
476 534 563 586 seque
574 522 604 572 in
614 522 760 587 premissis
770 522 1008 588 disputationibus
1025 525 1055 575 et
1071 525 1216 576 erroribus
1237 539 1294 576 non

70 602 226 667 involvunt,
246 616 298 656 nec
309 617 375 655 suas
387 602 431 655 vel
444 602 566 654 aliorum
585 604 694 656 animas
705 616 757 669 per
776 605 924 668 opiniones
936 617 1071 665 erroneas
1082 606 1118 657 ab
1129 607 1296 673 evangelica

70 687 189 738 veritate
200 687 360 752 degeneres
371 685 545 751 dampnabili
563 687 776 751 presumptione
787 687 942 752 decipiunt,
956 689 1044 739 sedin
1057 691 1154 740 sancta
1162 690 1191 740 et
1203 688 1295 741 solida

69 768 252 834 simplicitate
269 769 396 821 viventes
413 767 508 833 alique
525 769 665 833 proprias,
687 768 781 833 alique
798 771 957 835 pareutum,
970 769 1065 834 alique
1082 771 1234 823 conductas
1249 769 1295 824 vel

68 850 122 901 sibi
131 864 298 903 communes
311 856 339 902 et
350 865 415 903 cum
430 850 550 903 honesta
562 850 673 903 lumilia
690 852 788 903 domos
807 851 976 914 inhabitant,
987 852 1081 917 alique
1098 868 1174 915 vero,
1198 867 1295 907 rerum

69 934 191 999 cogente
203 933 327 991 deiectu.
340 934 424 986 simul
437 934 467 986 in
484 933 591 986 eisdem
609 934 739 986 domibus
756 937 785 986 et
795 935 915 986 diversis
932 936 1113 1003 beghinagiis
1125 939 1160 989 ad
1177 941 1295 1005 majoris

67 1017 209 1068 eastimtis
229 1018 442 1069 observanciam
462 1019 674 1069 commorantur
696 1020 725 1068 et
744 1018 786 1069 sic
805 1016 941 1069 hactenus
964 1019 1096 1071 vixerunt
1112 1019 1295 1076 laudabiliter

68 1100 153 1163 atque
177 1099 287 1164 vivunt,
305 1100 381 1164 quod
401 1099 480 1152 nulla
491 1113 631 1164 uucquam
654 1113 741 1164 super
762 1099 818 1151 hiis
838 1102 893 1152 tuit
914 1101 959 1152 vel
972 1105 1015 1153 est
1026 1105 1091 1155 orta
1108 1105 1231 1168 suspicio
1248 1105 1293 1158 vel

67 1182 189 1234 infamia
198 1184 299 1234 contra
317 1183 392 1248 ipsas
403 1197 410 1246 ;
427 1184 545 1248 propter
561 1182 635 1247 quod
644 1183 793 1249 indignum
804 1187 939 1248 reputans
951 1186 1077 1248 prelatus
1090 1183 1294 1252 [sanctissimus

67 1263 96 1314 in
114 1262 231 1317 Christo
239 1266 321 1329 pater
333 1262 373 1332 et]
385 1265 515 1316 dominus
528 1262 637 1332 [noster
651 1264 735 1332 papa]
750 1264 896 1316 lohannes
908 1269 937 1318 et
948 1268 1051 1318 rationi
1061 1271 1245 1334 contrarium,
1269 1273 1294 1324 si

67 1346 172 1411 probas
182 1347 212 1423 et
224 1349 360 1413 reprobas
369 1346 457 1398 simili
472 1361 593 1399 censura
607 1346 787 1413 percelleret,
806 1349 887 1399 uobis
904 1363 1033 1414 persnas
1045 1350 1143 1403 literas
1160 1351 1294 1403 mandare

67 1428 189 1492 curavit,
207 1428 348 1493 quatenus
364 1440 415 1492 per
431 1440 482 1477 nos
494 1425 538 1478 vel
551 1425 639 1477 alium
661 1426 696 1477 de
716 1427 776 1478 vita
792 1427 931 1479 dictarum
948 1427 1098 1481 mulierum
1110 1427 1294 1481 laudabiliter

67 1511 235 1573 visentium,
248 1513 280 1562 nt
290 1511 446 1575 prefertur,
459 1509 662 1560 intormatione
671 1511 787 1574 recepta
796 1523 829 1561 ac
839 1510 954 1563 invento
966 1511 1007 1561 sic
1019 1524 1091 1575 esse,
1110 1526 1166 1563 uon
1175 1512 1291 1576 permit·

66 1595 193 1645 teramus
214 1593 291 1659 ipsas
308 1591 353 1643 vel
370 1605 469 1643 esrum
481 1590 606 1655 aliquam
623 1592 652 1643 in
672 1593 801 1656 personis
817 1593 847 1643 et
866 1593 947 1644 honis
959 1595 1132 1655 earumdem,
1146 1595 1294 1646 occasione

67 1674 274 1740 prohibicionis
286 1677 314 1726 et
328 1673 495 1726 abolicionis
510 1673 682 1739 hujusmodi,
696 1688 841 1739 quousque
859 1675 894 1726 de
906 1678 980 1728 statu
993 1689 1091 1727 earum
1102 1677 1191 1729 tuerit
1211 1678 1295 1729 aliter

66 1772 118 1825 per
134 1758 235 1810 sedem
251 1756 436 1823 apostolicam
455 1756 627 1817 ordinatum,
649 1757 683 1807 ab
705 1756 847 1821 aliquibus
864 1758 1027 1821 molestam
1046 1759 1252 1823 molestatores,
1270 1762 1295 1813 si

66 1842 115 1905 qui
124 1841 244 1902 tuerint,
252 1854 304 1905 per
312 1853 461 1891 censuram
471 1837 898 1905 ecclesiasticam,appellatione
906 1842 1071 1906 postposita,
1079 1845 1294 1909 compescendo;

68 1937 124 1975 non
142 1924 277 1976 obstante
286 1923 310 1973 si
320 1923 362 1973 eis
373 1921 417 1973 vel
436 1935 535 1973 eorum
544 1920 687 1985 aliquibus
699 1923 888 1973 communiter
898 1922 943 1974 vel
953 1923 1065 1974 divisim
1077 1925 1172 1976 assde
1183 1927 1294 1990 aposto·

67 2005 123 2059 lica
139 2007 180 2058 sit
191 2004 343 2067 indultum,
355 2004 431 2069 quod
442 2004 585 2068 interdici,
595 2004 729 2068 suspendi
750 2004 794 2056 vel
807 2006 1047 2056 excommunicari
1059 2008 1233 2072 nonpossint
1243 2022 1296 2074 per

66 2088 167 2141 literas
185 2089 262 2140 dicte
279 2087 354 2139 sedis
371 2100 428 2138 non
440 2087 577 2138 iacientes
597 2084 710 2151 plenam
722 2089 750 2138 et
767 2100 930 2152 expressam
942 2089 1118 2140 acdeverbo
1131 2090 1295 2143 adverbum

68 2172 103 2224 de
120 2171 234 2223 indulto
252 2170 414 2236 hujusmodi
433 2169 619 2221 mencionem.

100 2254 176 2315 Quia
188 2253 280 2320 igitur
291 2253 327 2305 de
338 2251 393 2304 hoc
415 2252 590 2304 sufficienter
606 2252 737 2303 instructi
751 2253 937 2317 repperimus,
951 2254 1026 2317 quod
1038 2253 1172 2306 mulieres
1185 2255 1294 2322 Begine

68 2340 169 2390 vocate
186 2337 262 2403 apud
280 2337 408 2387 sanctum
426 2333 661 2399 Christophorum
677 2335 707 2385 in
725 2335 861 2386 suburbio
883 2335 1040 2396 Leodiensi,
1054 2350 1163 2388 necnon
1179 2338 1294 2390 inTon·

67 2420 179 2488 grensi,
209 2417 398 2483 Trajectensi,
428 2416 702 2478 Sanctitrudoneusi,
731 2417 912 2479 Lovaniensi,
938 2417 1091 2479 Thenensi,
1119 2419 1294 2483 Leeuwensi,

68 2503 215 2570 Dystenai,
229 2501 371 2566 Lossensi,
389 2500 424 2552 de
443 2498 558 2552 llasselt
573 2501 603 2551 et
620 2500 655 2551 de
668 2502 768 2553 arscot
787 2501 883 2561 curiis,
902 2500 1067 2553 Leodiensis
1079 2502 1210 2564 diocesis,
1223 2518 1295 2556 com·

67 2587 224 2648 morantes,
236 2585 355 2651 pretatis
372 2583 616 2648 disputacionibus
626 2596 657 2634 se
666 2583 784 2634 minime
796 2583 971 2635 involventes
981 2585 1129 2648 opiniones
1138 2587 1295 2638 contrarias

68 2670 135 2721 tidei
147 2666 290 2720 catholice
298 2680 349 2718 seu
362 2665 435 2718 alios
446 2678 560 2717 errores
571 2665 753 2717 introducere
772 2680 828 2716 non
840 2669 1006 2731 presumunt
1018 2680 1069 2718 nec
1081 2665 1217 2720 hactenus
1236 2681 1298 2733 pre·

67 2752 263 2817 sumpserunt,
281 2749 330 2802 sed
341 2747 526 2801 laudabiliter
534 2749 565 2799 et
573 2747 691 2799 honeste
700 2749 834 2799 vixerunt
844 2750 874 2800 et
884 2749 991 2813 vivunt,
1003 2748 1103 2800 devote
1115 2752 1297 2813 frequentant

67 2833 206 2888 welesias
224 2846 257 2885 ac
273 2833 332 2884 suis
352 2830 470 2897 prelatis
490 2830 626 2884 obediunt
643 2833 828 2895 reverentem
846 2832 1055 2896 propterquod
1074 2832 1156 2897 Juxta
1171 2836 1296 2886 mentem

68 2915 257 2984 apostolicam
277 2917 306 2967 et
322 2915 515 2979 predictarum
532 2914 740 2965 continenciam
753 2912 903 2965 literarum
920 2915 1010 2965 status
1022 2914 1189 2966 aboliciouis
1199 2929 1296 2981 repro·

69 3002 172 3052 barum
189 3012 246 3050 non
264 2990 381 3063 respicit
398 2995 534 3048 mulieres
555 2994 718 3060 huJusmodi
729 2995 807 3047 velut
824 2996 936 3060 probas,
955 2997 1123 3048 auctoritate
1143 3000 1202 3050 tam
1222 2998 1296 3049 ordi·

69 3081 152 3134 naria
173 3092 258 3144 quam
275 3076 434 3144 apostolica
449 3077 620 3129 declarando
641 3077 820 3128 decernimus
841 3079 869 3128 et
898 3078 985 3128 etiam
1005 3079 1105 3129 tenore
1122 3080 1297 3142 presentium
1401 3071 1407 3084 '

68 3163 245 3225 ordinamus,
262 3161 337 3225 quod
355 3159 491 3212 mulieres
510 3160 581 3225 ipse,
593 3158 726 3210 videlicet
738 3157 769 3209 in
780 3158 917 3223 predictis
934 3157 1004 3209 locis
1023 3161 1052 3210 et
1068 3161 1156 3211 curiis
1176 3174 1297 3211 commo·

67 3247 176 3301 rantes.
194 3243 252 3295 sint
270 3243 301 3295 in
323 3256 357 3294 eo
378 3243 454 3294 statu
474 3242 504 3293 et
528 3254 590 3293 esse
610 3241 728 3306 pacifice
745 3242 947 3305 permittantur
970 3243 1076 3305 absque
1095 3243 1298 3296 molestacione

67 3335 249 3391 quacunque,
261 3323 291 3373 in
303 3336 359 3387 quo
372 3322 438 3373 ante
448 3319 675 3386 prohibicionem
687 3320 717 3370 et
728 3318 916 3371 abolicionem
926 3320 1068 3384 predictas
1085 3334 1147 3374 esse
1159 3320 1297 3382 solebant,

68 3406 258 3470 omnibusque
267 3406 326 3456 suis
337 3403 538 3470 prerogativis,
556 3402 709 3463 irancisiis,
728 3401 887 3468 privilegiis
904 3404 933 3455 et
950 3401 1130 3456 libertatibus
1142 3406 1298 3469 potiantur,

67 3490 98 3542 in
107 3488 239 3555 personia
251 3488 280 3540 et
292 3487 374 3538 bonis
386 3499 491 3555 earum¹
499 3487 584 3551 prout
597 3486 682 3537 antea
693 3487 875 3546 consuerunt,
894 3499 1040 3549 quousque
1058 3486 1092 3538 de
1109 3500 1207 3538 earum
1225 3489 1300 3539 statu

66 3573 151 3626 sedes
160 3568 317 3637 apostolica
328 3569 443 3621 duxerit
456 3568 540 3620 aliter
552 3567 755 3631 ordinandum3
767 3568 847 3618 vobis
860 3567 989 3619 omnihus
999 3569 1028 3619 et
1038 3568 1160 3635 singulis
1172 3570 1300 3622 districte

66 3653 255 3722 precipiendo
263 3651 429 3704 mandantes
436 3651 565 3714 ita,quod
576 3650 604 3700 in
615 3649 782 3701 executione
789 3648 951 3713 hujusmodi
961 3650 1034 3702 alter
1042 3652 1167 3703 vestrum
1178 3651 1300 3703 alterum

66 3752 127 3791 non
138 3737 279 3803 espectet,
293 3736 432 3799 quatenus
452 3745 549 3784 omnes
569 3736 597 3785 et
609 3731 738 3797 singulos
757 3731 953 3784 molestatores
972 3747 1070 3784 earum
1088 3737 1117 3785 et
1134 3734 1301 3795 rebelles,si

65 3803 118 3888 qui
131 3820 249 3880 luerint,
259 3819 290 3869 in
298 3816 456 3882 premissis,
469 3817 673 3881 cujuscumque
683 3817 772 3866 status
781 3814 825 3866 vel
838 3815 1012 3867 condicionis
1024 3817 1157 3882 existant,
1167 3817 1302 3879 quociens

65 3915 187 3958 necesse
195 3902 293 3962 luerit,
305 3901 445 3952 moneatis
458 3899 606 3960 canonice,
619 3901 652 3950 ut
670 3898 705 3949 ab
718 3898 880 3963 hujusmodi
893 3896 1095 3951 molestacione
1106 3901 1136 3951 et
1146 3898 1303 3951 rebellione

63 3989 183 4040 cessent
207 3985 320 4050 penitus
345 3986 375 4035 et
392 3983 548 4047 desistant;
567 3981 694 4046 alioquin
716 3982 801 4046 ipsos,
821 3996 891 4046 quos
911 3996 972 4043 nos,
990 3983 1126 4034 canonice
1142 3982 1303 4034 monicione

62 4071 211 4139 premissa
222 4068 252 4119 in
267 4066 323 4118 hiis
334 4067 458 4132 scriptis,
477 4066 647 4118 auctoritate
664 4064 821 4129 apostolica
839 4065 1127 4129 excommunicamus,
1142 4078 1301 4118 excommu-

63 4153 181 4212 nicatos
198 4147 313 4225 publice
333 4147 484 4209 nupsistis,
499 4147 614 4201 nomina
630 4146 802 4207 monitorum
815 4149 843 4198 et
863 4147 1182 4210 excommunicatorum,
1206 4147 1229 4197 si
1252 4146 1302 4220 qui
