<?xml version="1.0" encoding="UTF-8"?>
<!DOCTYPE html PUBLIC "-//W3C//DTD XHTML 1.0 Transitional//EN"
    "http://www.w3.org/TR/xhtml1/DTD/xhtml1-transitional.dtd">
<html xmlns="http://www.w3.org/1999/xhtml" xml:lang="en" lang="en">
 <head>
  <title>
</title>
<meta http-equiv="Content-Type" content="text/html;charset=utf-8" />
  <meta name='ocr-system' content='tesseract 3.04.00' />
  <meta name='ocr-capabilities' content='ocr_page ocr_carea ocr_par ocr_line ocrx_word'/>
</head>
<body>
  <div class='ocr_page' id='page_1' title='image "./corpusdocumento00frgoog_0286.png"; bbox 0 0 3256 5324; ppageno 0'>
   <div class='ocr_carea' id='block_1_1' title="bbox 643 515 1348 574">
    <p class='ocr_par' dir='ltr' id='par_1_1' title="bbox 643 515 1348 574">
     <span class='ocr_line' id='line_1_1' title="bbox 643 515 1348 574; baseline -0.001 0"><span class='ocrx_word' id='word_1_1' title='bbox 643 517 748 574; x_wconf 76' lang='lat' dir='ltr'>ANNO</span> <span class='ocrx_word' id='word_1_2' title='bbox 765 515 832 572; x_wconf 71' lang='lat'><strong>1423</strong></span> <span class='ocrx_word' id='word_1_3' title='bbox 1296 518 1348 573; x_wconf 68' lang='lat' dir='ltr'><strong>aab</strong></span> 
     </span>
    </p>
   </div>
   <div class='ocr_carea' id='block_1_2' title="bbox 10 673 1347 1292">
    <p class='ocr_par' dir='ltr' id='par_1_2' title="bbox 12 673 1347 1187">
     <span class='ocr_line' id='line_1_2' title="bbox 129 673 1341 774; baseline -0.002 -18"><span class='ocrx_word' id='word_1_4' title='bbox 129 673 177 756; x_wconf 75' lang='lat' dir='ltr'><strong>iu</strong></span> <span class='ocrx_word' id='word_1_5' title='bbox 191 688 301 755; x_wconf 87' lang='lat' dir='ltr'><strong>cerate</strong></span> <span class='ocrx_word' id='word_1_6' title='bbox 315 684 446 767; x_wconf 77' lang='lat' dir='ltr'><strong>vonna,</strong></span> <span class='ocrx_word' id='word_1_7' title='bbox 470 687 505 754; x_wconf 91' lang='lat' dir='ltr'><strong>te</strong></span> <span class='ocrx_word' id='word_1_8' title='bbox 520 685 678 754; x_wconf 68' lang='lat' dir='ltr'><strong>Flos-cuce</strong></span> <span class='ocrx_word' id='word_1_9' title='bbox 699 684 780 752; x_wconf 89' lang='lat' dir='ltr'><strong>door</strong></span> <span class='ocrx_word' id='word_1_10' title='bbox 796 683 860 753; x_wconf 86' lang='lat' dir='ltr'><strong>den</strong></span> <span class='ocrx_word' id='word_1_11' title='bbox 887 682 1060 752; x_wconf 85' lang='lat' dir='ltr'><strong>kardinaul</strong></span> <span class='ocrx_word' id='word_1_12' title='bbox 1086 704 1151 753; x_wconf 84' lang='lat' dir='ltr'><strong>vau</strong></span> <span class='ocrx_word' id='word_1_13' title='bbox 1176 684 1341 774; x_wconf 85' lang='lat' dir='ltr'><strong>Aquileja.</strong></span> 
     </span>
     <span class='ocr_line' id='line_1_3' title="bbox 23 782 1347 878; baseline -0.008 -12"><span class='ocrx_word' id='word_1_14' title='bbox 23 856 34 866; x_wconf 73' lang='grc'>,</span> <span class='ocrx_word' id='word_1_15' title='bbox 133 782 168 857; x_wconf 78' lang='lat' dir='ltr'><strong>lla</strong></span> <span class='ocrx_word' id='word_1_16' title='bbox 177 810 259 878; x_wconf 86' lang='lat' dir='ltr'><strong>pana</strong></span> <span class='ocrx_word' id='word_1_17' title='bbox 270 788 400 859; x_wconf 83' lang='lat' dir='ltr'><strong>boveelt</strong></span> <span class='ocrx_word' id='word_1_18' title='bbox 414 788 585 858; x_wconf 86' lang='lat' dir='ltr'><strong>Serrnrier</strong></span> <span class='ocrx_word' id='word_1_19' title='bbox 599 809 640 876; x_wconf 89' lang='lat' dir='ltr'><strong>op</strong></span> <span class='ocrx_word' id='word_1_20' title='bbox 656 786 886 876; x_wconf 83' lang='lat' dir='ltr'><strong>soorbeeldige</strong></span> <span class='ocrx_word' id='word_1_21' title='bbox 903 785 999 876; x_wconf 82' lang='lat' dir='ltr'><strong>wiJ&#39;zs</strong></span> <span class='ocrx_word' id='word_1_22' title='bbox 1015 791 1050 856; x_wconf 89' lang='lat' dir='ltr'><strong>te</strong></span> <span class='ocrx_word' id='word_1_23' title='bbox 1066 783 1218 870; x_wconf 72' lang='lat' dir='ltr'><strong>manen,</strong></span> <span class='ocrx_word' id='word_1_24' title='bbox 1236 787 1347 855; x_wconf 79' lang='lat' dir='ltr'><strong>wells</strong></span> 
     </span>
     <span class='ocr_line' id='line_1_4' title="bbox 134 890 1347 982; baseline -0.004 -20"><span class='ocrx_word' id='word_1_25' title='bbox 134 892 184 962; x_wconf 78' lang='lat' dir='ltr'><strong>ot</strong></span> <span class='ocrx_word' id='word_1_26' title='bbox 198 893 239 962; x_wconf 87' lang='lat' dir='ltr'><strong>dc</strong></span> <span class='ocrx_word' id='word_1_27' title='bbox 252 894 399 963; x_wconf 88' lang='lat' dir='ltr'><strong>redonen</strong></span> <span class='ocrx_word' id='word_1_28' title='bbox 415 893 522 982; x_wconf 82' lang='lat' dir='ltr'><strong>zijucr</strong></span> <span class='ocrx_word' id='word_1_29' title='bbox 543 893 672 962; x_wconf 80' lang='lat' dir='ltr'><strong>nieuwe</strong></span> <span class='ocrx_word' id='word_1_30' title='bbox 685 891 898 978; x_wconf 86' lang='lat' dir='ltr'><strong>aanhouding</strong></span> <span class='ocrx_word' id='word_1_31' title='bbox 914 909 1031 978; x_wconf 85' lang='lat' dir='ltr'><strong>mogen</strong></span> <span class='ocrx_word' id='word_1_32' title='bbox 1044 896 1191 979; x_wconf 79' lang='lat' dir='ltr'><strong>geueest</strong></span> <span class='ocrx_word' id='word_1_33' title='bbox 1207 890 1285 980; x_wconf 82' lang='lat' dir='ltr'><strong>siju.</strong></span> <span class='ocrx_word' id='word_1_34' title='bbox 1301 892 1347 957; x_wconf 89' lang='lat' dir='ltr'><strong>De</strong></span> 
     </span>
     <span class='ocr_line' id='line_1_5' title="bbox 12 991 1346 1083; baseline -0.004 -17"><span class='ocrx_word' id='word_1_35' title='bbox 12 1038 18 1043; x_wconf 88' lang='lat'><strong>·</strong></span> <span class='ocrx_word' id='word_1_36' title='bbox 121 997 207 1065; x_wconf 78' lang='lat' dir='ltr'><strong>ivea</strong></span> <span class='ocrx_word' id='word_1_37' title='bbox 235 995 528 1083; x_wconf 79' lang='lat' dir='ltr'><strong>reroordoelingen</strong></span> <span class='ocrx_word' id='word_1_38' title='bbox 560 1014 626 1064; x_wconf 82' lang='lat' dir='ltr'><strong>van</strong></span> <span class='ocrx_word' id='word_1_39' title='bbox 652 994 824 1064; x_wconf 88' lang='lat' dir='ltr'><strong>Serrurier</strong></span> <span class='ocrx_word' id='word_1_40' title='bbox 854 993 963 1061; x_wconf 77' lang='lat' dir='ltr'><strong>cullen</strong></span> <span class='ocrx_word' id='word_1_41' title='bbox 1005 991 1231 1081; x_wconf 85' lang='lat' dir='ltr'><strong>onmiddellijlr</strong></span> <span class='ocrx_word' id='word_1_42' title='bbox 1262 1011 1346 1060; x_wconf 86' lang='lat' dir='ltr'><strong>naar</strong></span> 
     </span>
     <span class='ocr_line' id='line_1_6' title="bbox 109 1094 1345 1187; baseline -0.006 -19"><span class='ocrx_word' id='word_1_43' title='bbox 109 1100 297 1168; x_wconf 66' lang='lat' dir='ltr'><strong>humane</strong></span> <span class='ocrx_word' id='word_1_44' title='bbox 311 1098 521 1187; x_wconf 83' lang='lat' dir='ltr'><strong>opgesonden</strong></span> <span class='ocrx_word' id='word_1_45' title='bbox 538 1098 688 1179; x_wconf 79' lang='lat' dir='ltr'><strong>worden,</strong></span> <span class='ocrx_word' id='word_1_46' title='bbox 707 1097 807 1185; x_wconf 89' lang='lat' dir='ltr'><strong>opdat</strong></span> <span class='ocrx_word' id='word_1_47' title='bbox 830 1096 870 1164; x_wconf 87' lang='lat' dir='ltr'><strong>de</strong></span> <span class='ocrx_word' id='word_1_48' title='bbox 893 1094 1046 1183; x_wconf 89' lang='lat' dir='ltr'><strong>biaschop</strong></span> <span class='ocrx_word' id='word_1_49' title='bbox 1071 1097 1209 1183; x_wconf 85' lang='lat' dir='ltr'><strong>volgens</strong></span> <span class='ocrx_word' id='word_1_50' title='bbox 1225 1094 1265 1163; x_wconf 90' lang='lat' dir='ltr'><strong>de</strong></span> <span class='ocrx_word' id='word_1_51' title='bbox 1288 1115 1345 1183; x_wconf 85' lang='lat' dir='ltr'><strong>gc-</strong></span> 
     </span>
    </p>

    <p class='ocr_par' dir='ltr' id='par_1_3' title="bbox 10 1198 1183 1292">
     <span class='ocr_line' id='line_1_7' title="bbox 10 1198 1183 1292; baseline -0.003 -21"><span class='ocrx_word' id='word_1_52' title='bbox 10 1274 16 1289; x_wconf 63' lang='lat'><strong>,</strong></span> <span class='ocrx_word' id='word_1_53' title='bbox 94 1220 217 1271; x_wconf 75' lang='lat' dir='ltr'><strong>wone</strong></span> <span class='ocrx_word' id='word_1_54' title='bbox 232 1203 342 1290; x_wconf 87' lang='lat' dir='ltr'><strong>regels</strong></span> <span class='ocrx_word' id='word_1_55' title='bbox 358 1205 457 1292; x_wconf 82' lang='lat' dir='ltr'><strong>tegen</strong></span> <span class='ocrx_word' id='word_1_56' title='bbox 473 1201 536 1269; x_wconf 87' lang='lat' dir='ltr'><strong>den</strong></span> <span class='ocrx_word' id='word_1_57' title='bbox 552 1199 664 1270; x_wconf 82' lang='lat' dir='ltr'><strong>letter</strong></span> <span class='ocrx_word' id='word_1_58' title='bbox 680 1221 740 1269; x_wconf 83' lang='lat' dir='ltr'><strong>aon</strong></span> <span class='ocrx_word' id='word_1_59' title='bbox 754 1203 890 1268; x_wconf 84' lang='lat' dir='ltr'><strong>kunnan</strong></span> <span class='ocrx_word' id='word_1_60' title='bbox 902 1203 937 1266; x_wconf 90' lang='lat' dir='ltr'><strong>te</strong></span> <span class='ocrx_word' id='word_1_61' title='bbox 952 1198 1068 1267; x_wconf 77' lang='lat' dir='ltr'><strong>werke</strong></span> <span class='ocrx_word' id='word_1_62' title='bbox 1085 1219 1183 1286; x_wconf 84' lang='lat' dir='ltr'><strong>gaen.</strong></span> 
     </span>
    </p>
   </div>
   <div class='ocr_carea' id='block_1_3' title="bbox 10 1342 1351 3305">
    <p class='ocr_par' dir='ltr' id='par_1_4' title="bbox 60 1342 1348 1495">
     <span class='ocr_line' id='line_1_8' title="bbox 153 1342 1348 1411; baseline -0.003 -12"><span class='ocrx_word' id='word_1_63' title='bbox 153 1345 295 1399; x_wconf 67' lang='lat' dir='ltr'><strong>Martinus</strong></span> <span class='ocrx_word' id='word_1_64' title='bbox 311 1346 469 1411; x_wconf 87' lang='lat' dir='ltr'><strong>episcopus,</strong></span> <span class='ocrx_word' id='word_1_65' title='bbox 490 1345 544 1398; x_wconf 87' lang='lat' dir='ltr'><strong>etc.</strong></span> <span class='ocrx_word' id='word_1_66' title='bbox 562 1343 727 1398; x_wconf 73' lang='lat' dir='ltr'><strong>Venerabili</strong></span> <span class='ocrx_word' id='word_1_67' title='bbox 745 1345 829 1398; x_wconf 83' lang='lat' dir='ltr'><strong>tratri</strong></span> <span class='ocrx_word' id='word_1_68' title='bbox 846 1344 980 1411; x_wconf 90' lang='lat' dir='ltr'><strong>episcopo</strong></span> <span class='ocrx_word' id='word_1_69' title='bbox 993 1343 1168 1397; x_wconf 88' lang='lat' dir='ltr'><strong>Lansaueusi</strong></span> <span class='ocrx_word' id='word_1_70' title='bbox 1184 1342 1348 1398; x_wconf 87' lang='lat' dir='ltr'><strong>salutemet</strong></span> 
     </span>
     <span class='ocr_line' id='line_1_9' title="bbox 60 1421 1220 1495; baseline -0.009 -9"><span class='ocrx_word' id='word_1_71' title='bbox 60 1427 307 1495; x_wconf 64' lang='lat' dir='ltr'><strong>apostolicam</strong></span> <span class='ocrx_word' id='word_1_72' title='bbox 323 1428 559 1482; x_wconf 77' lang='lat' dir='ltr'><strong>benedictionem.</strong></span> <span class='ocrx_word' id='word_1_73' title='bbox 1219 1421 1220 1425; x_wconf 77' lang='grc'>’</span> 
     </span>
    </p>

    <p class='ocr_par' dir='ltr' id='par_1_5' title="bbox 57 1509 1348 1908">
     <span class='ocr_line' id='line_1_10' title="bbox 153 1509 1344 1578; baseline 0 -15"><span class='ocrx_word' id='word_1_74' title='bbox 153 1509 235 1563; x_wconf 83' lang='lat' dir='ltr'><strong>Sicut</strong></span> <span class='ocrx_word' id='word_1_75' title='bbox 244 1510 338 1576; x_wconf 84' lang='lat' dir='ltr'><strong>pridie</strong></span> <span class='ocrx_word' id='word_1_76' title='bbox 349 1511 402 1563; x_wconf 89' lang='lat' dir='ltr'><strong>tibi</strong></span> <span class='ocrx_word' id='word_1_77' title='bbox 413 1509 578 1576; x_wconf 72' lang='lat' dir='ltr'><strong>scripsimus</strong></span> <span class='ocrx_word' id='word_1_78' title='bbox 594 1523 647 1578; x_wconf 91' lang='lat' dir='ltr'><strong>per</strong></span> <span class='ocrx_word' id='word_1_79' title='bbox 664 1524 752 1564; x_wconf 90' lang='lat' dir='ltr'><strong>unum</strong></span> <span class='ocrx_word' id='word_1_80' title='bbox 763 1512 850 1564; x_wconf 88' lang='lat' dir='ltr'><strong>breue</strong></span> <span class='ocrx_word' id='word_1_81' title='bbox 862 1510 1002 1576; x_wconf 91' lang='lat' dir='ltr'><strong>nostrum,</strong></span> <span class='ocrx_word' id='word_1_82' title='bbox 1020 1510 1056 1562; x_wconf 91' lang='lat' dir='ltr'><strong>ad</strong></span> <span class='ocrx_word' id='word_1_83' title='bbox 1074 1510 1201 1563; x_wconf 88' lang='lat' dir='ltr'><strong>nostram</strong></span> <span class='ocrx_word' id='word_1_84' title='bbox 1213 1509 1344 1563; x_wconf 81' lang='lat' dir='ltr'><strong>notitiem</strong></span> 
     </span>
     <span class='ocr_line' id='line_1_11' title="bbox 57 1592 1345 1660; baseline 0.002 -17"><span class='ocrx_word' id='word_1_85' title='bbox 57 1593 165 1652; x_wconf 65' lang='lat' dir='ltr'><strong>ast</strong></span> <span class='ocrx_word' id='word_1_86' title='bbox 175 1593 339 1656; x_wconf 87' lang='lat' dir='ltr'><strong>deductum,</strong></span> <span class='ocrx_word' id='word_1_87' title='bbox 348 1593 423 1658; x_wconf 84' lang='lat' dir='ltr'><strong>quod</strong></span> <span class='ocrx_word' id='word_1_88' title='bbox 433 1592 548 1658; x_wconf 85' lang='lat' dir='ltr'><strong>quidam</strong></span> <span class='ocrx_word' id='word_1_89' title='bbox 559 1592 695 1647; x_wconf 84' lang='lat' dir='ltr'><strong>Nicolaus</strong></span> <span class='ocrx_word' id='word_1_90' title='bbox 706 1593 859 1657; x_wconf 84' lang='lat' dir='ltr'><strong>Serurarii,</strong></span> <span class='ocrx_word' id='word_1_91' title='bbox 868 1594 1015 1660; x_wconf 74' lang='lat' dir='ltr'><strong>professor</strong></span> <span class='ocrx_word' id='word_1_92' title='bbox 1023 1593 1131 1645; x_wconf 78' lang='lat' dir='ltr'><strong>ordinis</strong></span> <span class='ocrx_word' id='word_1_93' title='bbox 1139 1592 1345 1646; x_wconf 81' lang='lat' dir='ltr'><strong>heremitarum</strong></span> 
     </span>
     <span class='ocr_line' id='line_1_12' title="bbox 57 1673 1345 1743; baseline -0.005 -11"><span class='ocrx_word' id='word_1_94' title='bbox 57 1675 511 1743; x_wconf 62' lang='lat' dir='ltr'><strong>manumissionum</strong></span> <span class='ocrx_word' id='word_1_95' title='bbox 520 1677 613 1730; x_wconf 75' lang='lat' dir='ltr'><strong>musis</strong></span> <span class='ocrx_word' id='word_1_96' title='bbox 624 1677 735 1730; x_wconf 81' lang='lat' dir='ltr'><strong>subtus</strong></span> <span class='ocrx_word' id='word_1_97' title='bbox 746 1676 875 1729; x_wconf 89' lang='lat' dir='ltr'><strong>custodia</strong></span> <span class='ocrx_word' id='word_1_98' title='bbox 886 1676 1038 1729; x_wconf 87' lang='lat' dir='ltr'><strong>detinetur.</strong></span> <span class='ocrx_word' id='word_1_99' title='bbox 1048 1676 1086 1728; x_wconf 84' lang='lat' dir='ltr'><strong>Et</strong></span> <span class='ocrx_word' id='word_1_100' title='bbox 1097 1675 1165 1740; x_wconf 85' lang='lat' dir='ltr'><strong>quia</strong></span> <span class='ocrx_word' id='word_1_101' title='bbox 1173 1673 1252 1727; x_wconf 90' lang='lat' dir='ltr'><strong>nnllo</strong></span> <span class='ocrx_word' id='word_1_102' title='bbox 1261 1675 1345 1726; x_wconf 92' lang='lat' dir='ltr'><strong>modo</strong></span> 
     </span>
     <span class='ocr_line' id='line_1_13' title="bbox 65 1755 1348 1825; baseline -0.005 -12"><span class='ocrx_word' id='word_1_103' title='bbox 65 1755 343 1823; x_wconf 63' lang='lat' dir='ltr'><strong>volumusquod</strong></span> <span class='ocrx_word' id='word_1_104' title='bbox 351 1773 403 1824; x_wconf 92' lang='lat' dir='ltr'><strong>pro</strong></span> <span class='ocrx_word' id='word_1_105' title='bbox 412 1759 499 1811; x_wconf 71' lang='lat' dir='ltr'><strong>mutis</strong></span> <span class='ocrx_word' id='word_1_106' title='bbox 508 1759 570 1812; x_wconf 89' lang='lat' dir='ltr'><strong>eius</strong></span> <span class='ocrx_word' id='word_1_107' title='bbox 579 1759 671 1825; x_wconf 88' lang='lat' dir='ltr'><strong>culpis</strong></span> <span class='ocrx_word' id='word_1_108' title='bbox 680 1760 710 1812; x_wconf 89' lang='lat' dir='ltr'><strong>et</strong></span> <span class='ocrx_word' id='word_1_109' title='bbox 718 1759 874 1820; x_wconf 87' lang='lat' dir='ltr'><strong>demeritis,</strong></span> <span class='ocrx_word' id='word_1_110' title='bbox 882 1758 1002 1810; x_wconf 73' lang='lat' dir='ltr'><strong>forsitan</strong></span> <span class='ocrx_word' id='word_1_111' title='bbox 1011 1759 1040 1811; x_wconf 92' lang='lat' dir='ltr'><strong>te</strong></span> <span class='ocrx_word' id='word_1_112' title='bbox 1051 1757 1213 1824; x_wconf 86' lang='lat' dir='ltr'><strong>ignorante,</strong></span> <span class='ocrx_word' id='word_1_113' title='bbox 1220 1757 1348 1810; x_wconf 87' lang='lat' dir='ltr'><strong>transeat</strong></span> 
     </span>
     <span class='ocr_line' id='line_1_14' title="bbox 76 1839 1347 1908; baseline -0.002 -15"><span class='ocrx_word' id='word_1_114' title='bbox 76 1840 288 1907; x_wconf 76' lang='lat' dir='ltr'><strong>impunitus,</strong></span> <span class='ocrx_word' id='word_1_115' title='bbox 300 1841 493 1908; x_wconf 78' lang='lat' dir='ltr'><strong>significamus</strong></span> <span class='ocrx_word' id='word_1_116' title='bbox 501 1842 555 1893; x_wconf 89' lang='lat' dir='ltr'><strong>tibi</strong></span> <span class='ocrx_word' id='word_1_117' title='bbox 564 1843 649 1906; x_wconf 89' lang='lat' dir='ltr'><strong>quod,</strong></span> <span class='ocrx_word' id='word_1_118' title='bbox 659 1855 724 1893; x_wconf 89' lang='lat' dir='ltr'><strong>oum</strong></span> <span class='ocrx_word' id='word_1_119' title='bbox 735 1841 783 1893; x_wconf 91' lang='lat' dir='ltr'><strong>hic</strong></span> <span class='ocrx_word' id='word_1_120' title='bbox 794 1839 938 1904; x_wconf 89' lang='lat' dir='ltr'><strong>Nicolaus,</strong></span> <span class='ocrx_word' id='word_1_121' title='bbox 951 1841 1025 1893; x_wconf 87' lang='lat' dir='ltr'><strong>sicut</strong></span> <span class='ocrx_word' id='word_1_122' title='bbox 1041 1840 1173 1893; x_wconf 86' lang='lat' dir='ltr'><strong>iuimusa</strong></span> <span class='ocrx_word' id='word_1_123' title='bbox 1184 1840 1241 1892; x_wconf 92' lang='lat' dir='ltr'><strong>ilde</strong></span> <span class='ocrx_word' id='word_1_124' title='bbox 1252 1839 1347 1906; x_wconf 79' lang='lat' dir='ltr'><strong>dignis</strong></span> 
     </span>
    </p>

    <p class='ocr_par' dir='ltr' id='par_1_6' title="bbox 84 1921 1350 2481">
     <span class='ocr_line' id='line_1_15' title="bbox 84 1921 1346 1990; baseline -0.007 -9"><span class='ocrx_word' id='word_1_125' title='bbox 84 1923 279 1987; x_wconf 75' lang='lat' dir='ltr'><strong>intormem,</strong></span> <span class='ocrx_word' id='word_1_126' title='bbox 296 1923 403 1977; x_wconf 89' lang='lat' dir='ltr'><strong>dudum</strong></span> <span class='ocrx_word' id='word_1_127' title='bbox 421 1924 558 1990; x_wconf 89' lang='lat' dir='ltr'><strong>populum</strong></span> <span class='ocrx_word' id='word_1_128' title='bbox 578 1925 788 1978; x_wconf 86' lang='lat' dir='ltr'><strong>Toruaoensem</strong></span> <span class='ocrx_word' id='word_1_129' title='bbox 808 1923 867 1975; x_wconf 88' lang='lat' dir='ltr'><strong>suis</strong></span> <span class='ocrx_word' id='word_1_130' title='bbox 884 1923 980 1988; x_wconf 89' lang='lat' dir='ltr'><strong>prauis</strong></span> <span class='ocrx_word' id='word_1_131' title='bbox 997 1923 1178 1989; x_wconf 79' lang='lat' dir='ltr'><strong>dogmatibus</strong></span> <span class='ocrx_word' id='word_1_132' title='bbox 1189 1921 1346 1985; x_wconf 84' lang='lat' dir='ltr'><strong>iniecisset,</strong></span> 
     </span>
     <span class='ocr_line' id='line_1_16' title="bbox 97 2002 1346 2072; baseline -0.001 -15"><span class='ocrx_word' id='word_1_133' title='bbox 97 2002 215 2058; x_wconf 77' lang='lat' dir='ltr'><strong>ciuus</strong></span> <span class='ocrx_word' id='word_1_134' title='bbox 234 2006 265 2059; x_wconf 85' lang='lat' dir='ltr'><strong>et</strong></span> <span class='ocrx_word' id='word_1_135' title='bbox 283 2006 435 2060; x_wconf 85' lang='lat' dir='ltr'><strong>ecclesiam</strong></span> <span class='ocrx_word' id='word_1_136' title='bbox 452 2007 506 2060; x_wconf 85' lang='lat' dir='ltr'><strong>Dei</strong></span> <span class='ocrx_word' id='word_1_137' title='bbox 525 2006 751 2072; x_wconf 77' lang='lat' dir='ltr'><strong>scandalizando,</strong></span> <span class='ocrx_word' id='word_1_138' title='bbox 770 2008 800 2060; x_wconf 92' lang='lat' dir='ltr'><strong>et</strong></span> <span class='ocrx_word' id='word_1_139' title='bbox 821 2005 1004 2070; x_wconf 72' lang='lat' dir='ltr'><strong>quamplures</strong></span> <span class='ocrx_word' id='word_1_140' title='bbox 1023 2017 1136 2057; x_wconf 87' lang='lat' dir='ltr'><strong>errores</strong></span> <span class='ocrx_word' id='word_1_141' title='bbox 1155 2003 1346 2058; x_wconf 84' lang='lat' dir='ltr'><strong>Wiclsleflsta·</strong></span> 
     </span>
     <span class='ocr_line' id='line_1_17' title="bbox 99 2085 1348 2155; baseline -0.003 -14"><span class='ocrx_word' id='word_1_142' title='bbox 99 2099 184 2141; x_wconf 70' lang='lat' dir='ltr'><strong>xum</strong></span> <span class='ocrx_word' id='word_1_143' title='bbox 206 2088 239 2141; x_wconf 90' lang='lat' dir='ltr'><strong>et</strong></span> <span class='ocrx_word' id='word_1_144' title='bbox 255 2088 437 2142; x_wconf 83' lang='lat' dir='ltr'><strong>llussitarum</strong></span> <span class='ocrx_word' id='word_1_145' title='bbox 449 2090 625 2154; x_wconf 84' lang='lat' dir='ltr'><strong>seminando,</strong></span> <span class='ocrx_word' id='word_1_146' title='bbox 638 2105 708 2155; x_wconf 91' lang='lat' dir='ltr'><strong>quos</strong></span> <span class='ocrx_word' id='word_1_147' title='bbox 720 2090 751 2141; x_wconf 89' lang='lat' dir='ltr'><strong>in</strong></span> <span class='ocrx_word' id='word_1_148' title='bbox 763 2103 847 2141; x_wconf 88' lang='lat' dir='ltr'><strong>sacro</strong></span> <span class='ocrx_word' id='word_1_149' title='bbox 864 2087 995 2155; x_wconf 86' lang='lat' dir='ltr'><strong>generali</strong></span> <span class='ocrx_word' id='word_1_150' title='bbox 1006 2087 1127 2139; x_wconf 88' lang='lat' dir='ltr'><strong>concilio</strong></span> <span class='ocrx_word' id='word_1_151' title='bbox 1137 2085 1348 2138; x_wconf 78' lang='lat' dir='ltr'><strong>Constantiensi</strong></span> 
     </span>
     <span class='ocr_line' id='line_1_18' title="bbox 108 2168 1349 2237; baseline -0.001 -16"><span class='ocrx_word' id='word_1_152' title='bbox 108 2169 235 2235; x_wconf 63' lang='lat' dir='ltr'><strong>publice</strong></span> <span class='ocrx_word' id='word_1_153' title='bbox 245 2171 405 2232; x_wconf 84' lang='lat' dir='ltr'><strong>reuocauit,</strong></span> <span class='ocrx_word' id='word_1_154' title='bbox 423 2171 628 2224; x_wconf 89' lang='lat' dir='ltr'><strong>condemnatus</strong></span> <span class='ocrx_word' id='word_1_155' title='bbox 640 2173 696 2223; x_wconf 86' lang='lat' dir='ltr'><strong>iuit</strong></span> <span class='ocrx_word' id='word_1_156' title='bbox 706 2184 759 2237; x_wconf 91' lang='lat' dir='ltr'><strong>per</strong></span> <span class='ocrx_word' id='word_1_157' title='bbox 769 2173 877 2223; x_wconf 86' lang='lat' dir='ltr'><strong>certam</strong></span> <span class='ocrx_word' id='word_1_158' title='bbox 887 2170 1057 2222; x_wconf 88' lang='lat' dir='ltr'><strong>sententiam</strong></span> <span class='ocrx_word' id='word_1_159' title='bbox 1070 2168 1241 2221; x_wconf 83' lang='lat' dir='ltr'><strong>venerabilis</strong></span> <span class='ocrx_word' id='word_1_160' title='bbox 1249 2169 1349 2220; x_wconf 87' lang='lat' dir='ltr'><strong>iratris</strong></span> 
     </span>
     <span class='ocr_line' id='line_1_19' title="bbox 109 2245 1350 2315; baseline 0 -15"><span class='ocrx_word' id='word_1_161' title='bbox 109 2245 329 2313; x_wconf 50' lang='lat' dir='ltr'><strong>Jomnisssunc</strong></span> <span class='ocrx_word' id='word_1_162' title='bbox 348 2249 512 2315; x_wconf 71' lang='lat' dir='ltr'><strong>patriarche</strong></span> <span class='ocrx_word' id='word_1_163' title='bbox 535 2249 851 2315; x_wconf 85' lang='lat' dir='ltr'><strong>Constantinopolitanl,</strong></span> <span class='ocrx_word' id='word_1_164' title='bbox 871 2262 947 2300; x_wconf 89' lang='lat' dir='ltr'><strong>nunc</strong></span> <span class='ocrx_word' id='word_1_165' title='bbox 963 2246 1170 2313; x_wconf 84' lang='lat' dir='ltr'><strong>archiepiscopi</strong></span> <span class='ocrx_word' id='word_1_166' title='bbox 1187 2246 1350 2300; x_wconf 85' lang='lat' dir='ltr'><strong>Rothoma-</strong></span> 
     </span>
     <span class='ocr_line' id='line_1_20' title="bbox 116 2328 1348 2399; baseline -0.002 -14"><span class='ocrx_word' id='word_1_167' title='bbox 116 2332 227 2396; x_wconf 68' lang='lat' dir='ltr'><strong>genam,</strong></span> <span class='ocrx_word' id='word_1_168' title='bbox 240 2333 342 2385; x_wconf 86' lang='lat' dir='ltr'><strong>contra</strong></span> <span class='ocrx_word' id='word_1_169' title='bbox 353 2345 419 2385; x_wconf 90' lang='lat' dir='ltr'><strong>eum</strong></span> <span class='ocrx_word' id='word_1_170' title='bbox 429 2332 527 2396; x_wconf 88' lang='lat' dir='ltr'><strong>latam,</strong></span> <span class='ocrx_word' id='word_1_171' title='bbox 542 2346 627 2397; x_wconf 89' lang='lat' dir='ltr'><strong>quam</strong></span> <span class='ocrx_word' id='word_1_172' title='bbox 637 2333 699 2399; x_wconf 87' lang='lat' dir='ltr'><strong>ipse</strong></span> <span class='ocrx_word' id='word_1_173' title='bbox 716 2328 1159 2398; x_wconf 86' lang='lat' dir='ltr'><strong>emologauitetaoceptauit.1u</strong></span> <span class='ocrx_word' id='word_1_174' title='bbox 1177 2343 1233 2395; x_wconf 87' lang='lat' dir='ltr'><strong>qua</strong></span> <span class='ocrx_word' id='word_1_175' title='bbox 1244 2330 1348 2382; x_wconf 90' lang='lat' dir='ltr'><strong>dicitur</strong></span> 
     </span>
     <span class='ocr_line' id='line_1_21' title="bbox 110 2410 1347 2481; baseline 0.002 -19"><span class='ocrx_word' id='word_1_176' title='bbox 110 2410 196 2467; x_wconf 85' lang='lat' dir='ltr'><strong>inter</strong></span> <span class='ocrx_word' id='word_1_177' title='bbox 212 2415 312 2468; x_wconf 84' lang='lat' dir='ltr'><strong>cetera</strong></span> <span class='ocrx_word' id='word_1_178' title='bbox 331 2416 476 2479; x_wconf 86' lang='lat' dir='ltr'><strong>contenta,</strong></span> <span class='ocrx_word' id='word_1_179' title='bbox 496 2415 571 2480; x_wconf 86' lang='lat' dir='ltr'><strong>quod</strong></span> <span class='ocrx_word' id='word_1_180' title='bbox 588 2416 649 2481; x_wconf 90' lang='lat' dir='ltr'><strong>ipse</strong></span> <span class='ocrx_word' id='word_1_181' title='bbox 669 2414 805 2468; x_wconf 85' lang='lat' dir='ltr'><strong>Nicolaus</strong></span> <span class='ocrx_word' id='word_1_182' title='bbox 822 2414 941 2467; x_wconf 87' lang='lat' dir='ltr'><strong>deberet</strong></span> <span class='ocrx_word' id='word_1_183' title='bbox 952 2427 1004 2479; x_wconf 90' lang='lat' dir='ltr'><strong>per</strong></span> <span class='ocrx_word' id='word_1_184' title='bbox 1014 2413 1086 2464; x_wconf 92' lang='lat' dir='ltr'><strong>duos</strong></span> <span class='ocrx_word' id='word_1_185' title='bbox 1098 2426 1187 2465; x_wconf 87' lang='lat' dir='ltr'><strong>anuos</strong></span> <span class='ocrx_word' id='word_1_186' title='bbox 1199 2413 1347 2465; x_wconf 89' lang='lat' dir='ltr'><strong>continuos</strong></span> 
     </span>
    </p>

    <p class='ocr_par' dir='ltr' id='par_1_7' title="bbox 10 2492 1351 3305">
     <span class='ocr_line' id='line_1_22' title="bbox 111 2492 1347 2560; baseline 0.003 -15"><span class='ocrx_word' id='word_1_187' title='bbox 111 2492 143 2545; x_wconf 82' lang='lat' dir='ltr'><strong>in</strong></span> <span class='ocrx_word' id='word_1_188' title='bbox 154 2496 282 2550; x_wconf 82' lang='lat' dir='ltr'><strong>ciuitate</strong></span> <span class='ocrx_word' id='word_1_189' title='bbox 292 2497 424 2560; x_wconf 83' lang='lat' dir='ltr'><strong>Metensi,</strong></span> <span class='ocrx_word' id='word_1_190' title='bbox 433 2500 464 2551; x_wconf 91' lang='lat' dir='ltr'><strong>et</strong></span> <span class='ocrx_word' id='word_1_191' title='bbox 472 2498 502 2550; x_wconf 91' lang='lat' dir='ltr'><strong>in</strong></span> <span class='ocrx_word' id='word_1_192' title='bbox 511 2500 653 2551; x_wconf 89' lang='lat' dir='ltr'><strong>conuentu</strong></span> <span class='ocrx_word' id='word_1_193' title='bbox 662 2499 706 2549; x_wconf 91' lang='lat' dir='ltr'><strong>sui</strong></span> <span class='ocrx_word' id='word_1_194' title='bbox 715 2498 824 2550; x_wconf 83' lang='lat' dir='ltr'><strong>ordinis</strong></span> <span class='ocrx_word' id='word_1_195' title='bbox 835 2509 994 2559; x_wconf 88' lang='lat' dir='ltr'><strong>remanere,</strong></span> <span class='ocrx_word' id='word_1_196' title='bbox 1005 2496 1083 2547; x_wconf 91' lang='lat' dir='ltr'><strong>omni</strong></span> <span class='ocrx_word' id='word_1_197' title='bbox 1092 2495 1347 2549; x_wconf 76' lang='lat' dir='ltr'><strong>communicatione</strong></span> 
     </span>
     <span class='ocr_line' id='line_1_23' title="bbox 101 2572 1349 2646; baseline 0.001 -16"><span class='ocrx_word' id='word_1_198' title='bbox 101 2572 261 2632; x_wconf 83' lang='lat' dir='ltr'><strong>laicorum</strong></span> <span class='ocrx_word' id='word_1_199' title='bbox 272 2580 328 2632; x_wconf 89' lang='lat' dir='ltr'><strong>sibi</strong></span> <span class='ocrx_word' id='word_1_200' title='bbox 336 2581 449 2646; x_wconf 89' lang='lat' dir='ltr'><strong>penitus</strong></span> <span class='ocrx_word' id='word_1_201' title='bbox 460 2581 622 2644; x_wconf 83' lang='lat' dir='ltr'><strong>interdicta,</strong></span> <span class='ocrx_word' id='word_1_202' title='bbox 629 2583 659 2633; x_wconf 90' lang='lat' dir='ltr'><strong>et</strong></span> <span class='ocrx_word' id='word_1_203' title='bbox 669 2594 721 2646; x_wconf 91' lang='lat' dir='ltr'><strong>pro</strong></span> <span class='ocrx_word' id='word_1_204' title='bbox 733 2581 794 2631; x_wconf 84' lang='lat' dir='ltr'><strong>icto</strong></span> <span class='ocrx_word' id='word_1_205' title='bbox 805 2582 933 2645; x_wconf 91' lang='lat' dir='ltr'><strong>tempore</strong></span> <span class='ocrx_word' id='word_1_206' title='bbox 943 2579 1001 2631; x_wconf 86' lang='lat' dir='ltr'><strong>vite</strong></span> <span class='ocrx_word' id='word_1_207' title='bbox 1011 2592 1062 2632; x_wconf 92' lang='lat' dir='ltr'><strong>aue</strong></span> <span class='ocrx_word' id='word_1_208' title='bbox 1071 2578 1203 2631; x_wconf 82' lang='lat' dir='ltr'><strong>ciuitates</strong></span> <span class='ocrx_word' id='word_1_209' title='bbox 1215 2579 1245 2631; x_wconf 93' lang='lat' dir='ltr'><strong>et</strong></span> <span class='ocrx_word' id='word_1_210' title='bbox 1257 2577 1349 2631; x_wconf 90' lang='lat' dir='ltr'><strong>dioce-</strong></span> 
     </span>
     <span class='ocr_line' id='line_1_24' title="bbox 94 2660 1347 2727; baseline -0.003 -11"><span class='ocrx_word' id='word_1_211' title='bbox 94 2671 163 2715; x_wconf 63' lang='lat'><strong>861</strong></span> <span class='ocrx_word' id='word_1_212' title='bbox 174 2662 389 2716; x_wconf 69' lang='lat' dir='ltr'><strong>&#39;tornacensem</strong></span> <span class='ocrx_word' id='word_1_213' title='bbox 398 2663 428 2715; x_wconf 90' lang='lat' dir='ltr'><strong>et</strong></span> <span class='ocrx_word' id='word_1_214' title='bbox 436 2662 679 2726; x_wconf 83' lang='lat' dir='ltr'><strong>cameracensem,</strong></span> <span class='ocrx_word' id='word_1_215' title='bbox 689 2674 858 2726; x_wconf 89' lang='lat' dir='ltr'><strong>omnemque</strong></span> <span class='ocrx_word' id='word_1_216' title='bbox 867 2661 1017 2727; x_wconf 89' lang='lat' dir='ltr'><strong>regionem</strong></span> <span class='ocrx_word' id='word_1_217' title='bbox 1028 2661 1249 2726; x_wconf 85' lang='lat' dir='ltr'><strong>circumquaque</strong></span> <span class='ocrx_word' id='word_1_218' title='bbox 1258 2660 1347 2712; x_wconf 90' lang='lat' dir='ltr'><strong>conti·</strong></span> 
     </span>
     <span class='ocr_line' id='line_1_25' title="bbox 81 2743 1349 2813; baseline -0.004 -14"><span class='ocrx_word' id='word_1_219' title='bbox 81 2752 208 2806; x_wconf 68' lang='lat' dir='ltr'><strong>guam</strong></span> <span class='ocrx_word' id='word_1_220' title='bbox 218 2747 297 2799; x_wconf 84' lang='lat' dir='ltr'><strong>inira</strong></span> <span class='ocrx_word' id='word_1_221' title='bbox 307 2747 429 2813; x_wconf 85' lang='lat' dir='ltr'><strong>triginta</strong></span> <span class='ocrx_word' id='word_1_222' title='bbox 436 2745 542 2808; x_wconf 85' lang='lat' dir='ltr'><strong>leucas,</strong></span> <span class='ocrx_word' id='word_1_223' title='bbox 554 2745 584 2797; x_wconf 90' lang='lat' dir='ltr'><strong>et</strong></span> <span class='ocrx_word' id='word_1_224' title='bbox 592 2745 739 2797; x_wconf 90' lang='lat' dir='ltr'><strong>ciuitatem</strong></span> <span class='ocrx_word' id='word_1_225' title='bbox 756 2756 790 2797; x_wconf 82' lang='lat' dir='ltr'><strong>ao</strong></span> <span class='ocrx_word' id='word_1_226' title='bbox 807 2744 945 2797; x_wconf 88' lang='lat' dir='ltr'><strong>diocesim</strong></span> <span class='ocrx_word' id='word_1_227' title='bbox 967 2743 1160 2796; x_wconf 74' lang='lat' dir='ltr'><strong>parisiensem</strong></span> <span class='ocrx_word' id='word_1_228' title='bbox 1179 2755 1232 2808; x_wconf 90' lang='lat' dir='ltr'><strong>per</strong></span> <span class='ocrx_word' id='word_1_229' title='bbox 1250 2743 1349 2795; x_wconf 88' lang='lat' dir='ltr'><strong>decem</strong></span> 
     </span>
     <span class='ocr_line' id='line_1_26' title="bbox 71 2825 1349 2894; baseline -0.002 -15"><span class='ocrx_word' id='word_1_230' title='bbox 71 2832 211 2881; x_wconf 72' lang='lat' dir='ltr'><strong>muca</strong></span> <span class='ocrx_word' id='word_1_231' title='bbox 227 2828 305 2882; x_wconf 88' lang='lat' dir='ltr'><strong>adie</strong></span> <span class='ocrx_word' id='word_1_232' title='bbox 323 2826 527 2894; x_wconf 83' lang='lat' dir='ltr'><strong>acceptationis</strong></span> <span class='ocrx_word' id='word_1_233' title='bbox 536 2827 612 2881; x_wconf 83' lang='lat' dir='ltr'><strong>dicte</strong></span> <span class='ocrx_word' id='word_1_234' title='bbox 629 2827 770 2880; x_wconf 87' lang='lat' dir='ltr'><strong>sententie</strong></span> <span class='ocrx_word' id='word_1_235' title='bbox 779 2827 992 2893; x_wconf 89' lang='lat' dir='ltr'><strong>computandos,</strong></span> <span class='ocrx_word' id='word_1_236' title='bbox 1003 2840 1061 2879; x_wconf 89' lang='lat' dir='ltr'><strong>non</strong></span> <span class='ocrx_word' id='word_1_237' title='bbox 1071 2826 1194 2879; x_wconf 87' lang='lat' dir='ltr'><strong>intraret</strong></span> <span class='ocrx_word' id='word_1_238' title='bbox 1204 2825 1255 2877; x_wconf 90' lang='lat' dir='ltr'><strong>sub</strong></span> <span class='ocrx_word' id='word_1_239' title='bbox 1268 2825 1349 2890; x_wconf 89' lang='lat' dir='ltr'><strong>penis</strong></span> 
     </span>
     <span class='ocr_line' id='line_1_27' title="bbox 56 2898 1348 2978; baseline -0.004 -14"><span class='ocrx_word' id='word_1_240' title='bbox 56 2898 357 2964; x_wconf 67' lang='lat' dir='ltr'><strong>inwcersdonis</strong></span> <span class='ocrx_word' id='word_1_241' title='bbox 372 2910 521 2978; x_wconf 87' lang='lat' dir='ltr'><strong>perpetue,</strong></span> <span class='ocrx_word' id='word_1_242' title='bbox 550 2911 580 2963; x_wconf 89' lang='lat' dir='ltr'><strong>et</strong></span> <span class='ocrx_word' id='word_1_243' title='bbox 607 2907 672 2962; x_wconf 89' lang='lat' dir='ltr'><strong>aliis</strong></span> <span class='ocrx_word' id='word_1_244' title='bbox 700 2909 781 2977; x_wconf 88' lang='lat' dir='ltr'><strong>penis</strong></span> <span class='ocrx_word' id='word_1_245' title='bbox 800 2909 872 2962; x_wconf 90' lang='lat' dir='ltr'><strong>iuris</strong></span> <span class='ocrx_word' id='word_1_246' title='bbox 891 2910 921 2963; x_wconf 89' lang='lat' dir='ltr'><strong>et</strong></span> <span class='ocrx_word' id='word_1_247' title='bbox 945 2907 1122 2962; x_wconf 85' lang='lat' dir='ltr'><strong>remissionis</strong></span> <span class='ocrx_word' id='word_1_248' title='bbox 1147 2907 1183 2959; x_wconf 88' lang='lat' dir='ltr'><strong>ad</strong></span> <span class='ocrx_word' id='word_1_249' title='bbox 1201 2906 1348 2960; x_wconf 83' lang='lat' dir='ltr'><strong>brachium</strong></span> 
     </span>
     <span class='ocr_line' id='line_1_28' title="bbox 152 3073 1349 3142; baseline -0.003 -14"><span class='ocrx_word' id='word_1_250' title='bbox 152 3077 191 3129; x_wconf 84' lang='lat' dir='ltr'><strong>Et</strong></span> <span class='ocrx_word' id='word_1_251' title='bbox 207 3075 411 3130; x_wconf 85' lang='lat' dir='ltr'><strong>nichilominus</strong></span> <span class='ocrx_word' id='word_1_252' title='bbox 436 3077 499 3142; x_wconf 90' lang='lat' dir='ltr'><strong>ipse</strong></span> <span class='ocrx_word' id='word_1_253' title='bbox 527 3074 672 3138; x_wconf 85' lang='lat' dir='ltr'><strong>Nicotaus,</strong></span> <span class='ocrx_word' id='word_1_254' title='bbox 696 3076 771 3128; x_wconf 91' lang='lat' dir='ltr'><strong>siout</strong></span> <span class='ocrx_word' id='word_1_255' title='bbox 793 3076 940 3139; x_wconf 74' lang='lat' dir='ltr'><strong>assentur,</strong></span> <span class='ocrx_word' id='word_1_256' title='bbox 962 3077 1094 3130; x_wconf 74' lang='lat' dir='ltr'><strong>multatos</strong></span> <span class='ocrx_word' id='word_1_257' title='bbox 1112 3077 1142 3129; x_wconf 86' lang='lat' dir='ltr'><strong>ct</strong></span> <span class='ocrx_word' id='word_1_258' title='bbox 1163 3073 1292 3127; x_wconf 88' lang='lat' dir='ltr'><strong>dioceses</strong></span> <span class='ocrx_word' id='word_1_259' title='bbox 1315 3086 1349 3126; x_wconf 88' lang='lat' dir='ltr'><strong>ac</strong></span> 
     </span>
     <span class='ocr_line' id='line_1_29' title="bbox 15 3144 1351 3222; baseline -0.002 -14"><span class='ocrx_word' id='word_1_260' title='bbox 15 3144 256 3222; x_wconf 36' lang='lat' dir='ltr'><strong>&amp;glosas</strong></span> <span class='ocrx_word' id='word_1_261' title='bbox 267 3155 323 3209; x_wconf 86' lang='lat' dir='ltr'><strong>sibi</strong></span> <span class='ocrx_word' id='word_1_262' title='bbox 334 3154 501 3209; x_wconf 83' lang='lat' dir='ltr'><strong>interdictas</strong></span> <span class='ocrx_word' id='word_1_263' title='bbox 509 3155 546 3207; x_wconf 89' lang='lat' dir='ltr'><strong>de</strong></span> <span class='ocrx_word' id='word_1_264' title='bbox 557 3156 633 3207; x_wconf 85' lang='lat' dir='ltr'><strong>iacto</strong></span> <span class='ocrx_word' id='word_1_265' title='bbox 653 3155 774 3207; x_wconf 89' lang='lat' dir='ltr'><strong>intrauit</strong></span> <span class='ocrx_word' id='word_1_266' title='bbox 793 3155 900 3208; x_wconf 91' lang='lat' dir='ltr'><strong>ibidem</strong></span> <span class='ocrx_word' id='word_1_267' title='bbox 921 3156 1059 3207; x_wconf 91' lang='lat' dir='ltr'><strong>morando</strong></span> <span class='ocrx_word' id='word_1_268' title='bbox 1076 3155 1107 3208; x_wconf 90' lang='lat' dir='ltr'><strong>et</strong></span> <span class='ocrx_word' id='word_1_269' title='bbox 1121 3153 1235 3220; x_wconf 82' lang='lat' dir='ltr'><strong>publice</strong></span> <span class='ocrx_word' id='word_1_270' title='bbox 1255 3151 1351 3218; x_wconf 84' lang='lat' dir='ltr'><strong>predi·</strong></span> 
     </span>
     <span class='ocr_line' id='line_1_30' title="bbox 10 3230 1351 3305; baseline -0.001 -16"><span class='ocrx_word' id='word_1_271' title='bbox 10 3230 222 3304; x_wconf 51' lang='grc' dir='ltr'><strong>ὲῧιιιίο,</strong></span> <span class='ocrx_word' id='word_1_272' title='bbox 234 3251 288 3292; x_wconf 93' lang='lat' dir='ltr'><strong>nec</strong></span> <span class='ocrx_word' id='word_1_273' title='bbox 299 3239 330 3290; x_wconf 89' lang='lat' dir='ltr'><strong>in</strong></span> <span class='ocrx_word' id='word_1_274' title='bbox 347 3238 468 3291; x_wconf 87' lang='lat' dir='ltr'><strong>Metensi</strong></span> <span class='ocrx_word' id='word_1_275' title='bbox 477 3240 620 3290; x_wconf 89' lang='lat' dir='ltr'><strong>conuentu</strong></span> <span class='ocrx_word' id='word_1_276' title='bbox 637 3238 748 3305; x_wconf 89' lang='lat' dir='ltr'><strong>agendo</strong></span> <span class='ocrx_word' id='word_1_277' title='bbox 766 3238 953 3304; x_wconf 89' lang='lat' dir='ltr'><strong>penitentiam</strong></span> <span class='ocrx_word' id='word_1_278' title='bbox 968 3237 1096 3291; x_wconf 85' lang='lat' dir='ltr'><strong>residere</strong></span> <span class='ocrx_word' id='word_1_279' title='bbox 1111 3237 1230 3299; x_wconf 79' lang='lat' dir='ltr'><strong>curarit,</strong></span> <span class='ocrx_word' id='word_1_280' title='bbox 1250 3237 1351 3289; x_wconf 89' lang='lat' dir='ltr'><strong>contra</strong></span> 
     </span>
    </p>
   </div>
   <div class='ocr_carea' id='block_1_4' title="bbox 10 3314 1353 4368">
    <p class='ocr_par' dir='ltr' id='par_1_8' title="bbox 10 3314 1353 4368">
     <span class='ocr_line' id='line_1_31' title="bbox 10 3314 1352 3387; baseline -0.002 -14"><span class='ocrx_word' id='word_1_281' title='bbox 10 3314 264 3374; x_wconf 54' lang='lat' dir='ltr'><strong>&gt;mistam</strong></span> <span class='ocrx_word' id='word_1_282' title='bbox 284 3321 455 3375; x_wconf 78' lang='lat' dir='ltr'><strong>sententiam</strong></span> <span class='ocrx_word' id='word_1_283' title='bbox 477 3321 586 3374; x_wconf 68' lang='lat' dir='ltr'><strong>lemme</strong></span> <span class='ocrx_word' id='word_1_284' title='bbox 607 3320 762 3374; x_wconf 88' lang='lat' dir='ltr'><strong>venienset</strong></span> <span class='ocrx_word' id='word_1_285' title='bbox 778 3321 938 3387; x_wconf 86' lang='lat' dir='ltr'><strong>iuiriugena</strong></span> <span class='ocrx_word' id='word_1_286' title='bbox 953 3321 1090 3385; x_wconf 79' lang='lat' dir='ltr'><strong>eandem3</strong></span> <span class='ocrx_word' id='word_1_287' title='bbox 1108 3333 1194 3385; x_wconf 88' lang='lat' dir='ltr'><strong>quam</strong></span> <span class='ocrx_word' id='word_1_288' title='bbox 1216 3319 1303 3373; x_wconf 83' lang='lat' dir='ltr'><strong>etiam</strong></span> <span class='ocrx_word' id='word_1_289' title='bbox 1320 3319 1352 3371; x_wconf 90' lang='lat' dir='ltr'><strong>in</strong></span> 
     </span>
     <span class='ocr_line' id='line_1_32' title="bbox 10 3393 1351 3465; baseline 0.001 -15"><span class='ocrx_word' id='word_1_290' title='bbox 10 3393 83 3435; x_wconf 56' lang='grc' dir='ltr'>ἒ</span> <span class='ocrx_word' id='word_1_291' title='bbox 94 3395 241 3452; x_wconf 68' lang='grc' dir='ltr'><strong>Ξυὶιαω</strong></span> <span class='ocrx_word' id='word_1_292' title='bbox 252 3399 429 3464; x_wconf 82' lang='lat' dir='ltr'><strong>Florentius,</strong></span> <span class='ocrx_word' id='word_1_293' title='bbox 439 3400 571 3453; x_wconf 83' lang='lat' dir='ltr'><strong>excitatis</strong></span> <span class='ocrx_word' id='word_1_294' title='bbox 582 3400 705 3465; x_wconf 85' lang='lat' dir='ltr'><strong>quatuor</strong></span> <span class='ocrx_word' id='word_1_295' title='bbox 716 3398 864 3451; x_wconf 85' lang='lat' dir='ltr'><strong>ordinibus</strong></span> <span class='ocrx_word' id='word_1_296' title='bbox 880 3400 1113 3460; x_wconf 88' lang='lat' dir='ltr'><strong>mendicantium,</strong></span> <span class='ocrx_word' id='word_1_297' title='bbox 1126 3397 1235 3450; x_wconf 90' lang='lat' dir='ltr'><strong>studuit</strong></span> <span class='ocrx_word' id='word_1_298' title='bbox 1251 3399 1351 3451; x_wconf 86' lang='lat' dir='ltr'><strong>iacere</strong></span> 
     </span>
     <span class='ocr_line' id='line_1_33' title="bbox 10 3475 1352 3548; baseline -0.002 -14"><span class='ocrx_word' id='word_1_299' title='bbox 10 3475 264 3544; x_wconf 39' lang='lat' dir='ltr'><strong>³-enocari,</strong></span> <span class='ocrx_word' id='word_1_300' title='bbox 288 3494 458 3547; x_wconf 74' lang='lat' dir='ltr'><strong>caummque</strong></span> <span class='ocrx_word' id='word_1_301' title='bbox 475 3483 614 3534; x_wconf 90' lang='lat' dir='ltr'><strong>committi</strong></span> <span class='ocrx_word' id='word_1_302' title='bbox 631 3483 798 3548; x_wconf 88' lang='lat' dir='ltr'><strong>procurauit</strong></span> <span class='ocrx_word' id='word_1_303' title='bbox 808 3481 913 3534; x_wconf 89' lang='lat' dir='ltr'><strong>dilecto</strong></span> <span class='ocrx_word' id='word_1_304' title='bbox 925 3481 986 3534; x_wconf 86' lang='lat' dir='ltr'><strong>illio</strong></span> <span class='ocrx_word' id='word_1_305' title='bbox 998 3483 1107 3543; x_wconf 90' lang='lat' dir='ltr'><strong>nostro,</strong></span> <span class='ocrx_word' id='word_1_306' title='bbox 1129 3481 1255 3534; x_wconf 84' lang='lat' dir='ltr'><strong>Antonio</strong></span> <span class='ocrx_word' id='word_1_307' title='bbox 1272 3480 1352 3533; x_wconf 91' lang='lat' dir='ltr'><strong>tituli</strong></span> 
     </span>
     <span class='ocr_line' id='line_1_34' title="bbox 10 3555 1353 3630; baseline 0 -15"><span class='ocrx_word' id='word_1_308' title='bbox 10 3555 115 3603; x_wconf 49' lang='grc' dir='ltr'><strong>ἱ</strong></span> <span class='ocrx_word' id='word_1_309' title='bbox 125 3564 220 3616; x_wconf 68' lang='lat' dir='ltr'><strong>aucte</strong></span> <span class='ocrx_word' id='word_1_310' title='bbox 229 3564 357 3617; x_wconf 89' lang='lat' dir='ltr'><strong>Susanne</strong></span> <span class='ocrx_word' id='word_1_311' title='bbox 366 3565 524 3630; x_wconf 87' lang='lat' dir='ltr'><strong>presbitero</strong></span> <span class='ocrx_word' id='word_1_312' title='bbox 536 3564 684 3630; x_wconf 81' lang='lat' dir='ltr'><strong>cardinali,</strong></span> <span class='ocrx_word' id='word_1_313' title='bbox 702 3564 845 3630; x_wconf 87' lang='lat' dir='ltr'><strong>quietiam</strong></span> <span class='ocrx_word' id='word_1_314' title='bbox 853 3565 957 3616; x_wconf 88' lang='lat' dir='ltr'><strong>dictam</strong></span> <span class='ocrx_word' id='word_1_315' title='bbox 966 3564 1137 3618; x_wconf 84' lang='lat' dir='ltr'><strong>seutentiam</strong></span> <span class='ocrx_word' id='word_1_316' title='bbox 1148 3577 1200 3616; x_wconf 90' lang='lat' dir='ltr'><strong>sua</strong></span> <span class='ocrx_word' id='word_1_317' title='bbox 1208 3564 1353 3616; x_wconf 89' lang='lat' dir='ltr'><strong>sententia</strong></span> 
     </span>
     <span class='ocr_line' id='line_1_35' title="bbox 10 3634 1023 3708; baseline 0.006 -19"><span class='ocrx_word' id='word_1_318' title='bbox 10 3634 323 3707; x_wconf 53' lang='lat' dir='ltr'><strong>&#39;Qounrmauin</strong></span> <span class='ocrx_word' id='word_1_319' title='bbox 346 3657 402 3708; x_wconf 85' lang='lat' dir='ltr'><strong>que</strong></span> <span class='ocrx_word' id='word_1_320' title='bbox 419 3643 449 3695; x_wconf 90' lang='lat' dir='ltr'><strong>in</strong></span> <span class='ocrx_word' id='word_1_321' title='bbox 466 3657 527 3696; x_wconf 92' lang='lat' dir='ltr'><strong>rcm</strong></span> <span class='ocrx_word' id='word_1_322' title='bbox 548 3644 702 3695; x_wconf 88' lang='lat' dir='ltr'><strong>iudicatam</strong></span> <span class='ocrx_word' id='word_1_323' title='bbox 717 3643 822 3695; x_wconf 91' lang='lat' dir='ltr'><strong>dicitur</strong></span> <span class='ocrx_word' id='word_1_324' title='bbox 844 3643 1023 3695; x_wconf 87' lang='lat' dir='ltr'><strong>transiuisse.</strong></span> 
     </span>
     <span class='ocr_line' id='line_1_36' title="bbox 156 3723 1350 3791; baseline -0.001 -16"><span class='ocrx_word' id='word_1_325' title='bbox 156 3724 215 3776; x_wconf 85' lang='lat' dir='ltr'><strong>Nos</strong></span> <span class='ocrx_word' id='word_1_326' title='bbox 223 3725 321 3790; x_wconf 85' lang='lat' dir='ltr'><strong>itaque</strong></span> <span class='ocrx_word' id='word_1_327' title='bbox 329 3726 485 3791; x_wconf 89' lang='lat' dir='ltr'><strong>cupientes,</strong></span> <span class='ocrx_word' id='word_1_328' title='bbox 498 3727 530 3777; x_wconf 89' lang='lat' dir='ltr'><strong>ut</strong></span> <span class='ocrx_word' id='word_1_329' title='bbox 542 3726 653 3778; x_wconf 86' lang='lat' dir='ltr'><strong>iustitia</strong></span> <span class='ocrx_word' id='word_1_330' title='bbox 664 3726 758 3777; x_wconf 92' lang='lat' dir='ltr'><strong>locum</strong></span> <span class='ocrx_word' id='word_1_331' title='bbox 769 3725 883 3790; x_wconf 89' lang='lat' dir='ltr'><strong>habeat,</strong></span> <span class='ocrx_word' id='word_1_332' title='bbox 893 3727 922 3779; x_wconf 91' lang='lat' dir='ltr'><strong>et</strong></span> <span class='ocrx_word' id='word_1_333' title='bbox 933 3725 1008 3791; x_wconf 89' lang='lat' dir='ltr'><strong>quod</strong></span> <span class='ocrx_word' id='word_1_334' title='bbox 1026 3725 1111 3778; x_wconf 93' lang='lat' dir='ltr'><strong>huius</strong></span> <span class='ocrx_word' id='word_1_335' title='bbox 1123 3724 1221 3778; x_wconf 88' lang='lat' dir='ltr'><strong>debita</strong></span> <span class='ocrx_word' id='word_1_336' title='bbox 1237 3723 1350 3790; x_wconf 89' lang='lat' dir='ltr'><strong>punitio</strong></span> 
     </span>
     <span class='ocr_line' id='line_1_37' title="bbox 10 3807 1353 3875; baseline -0.002 -15"><span class='ocrx_word' id='word_1_337' title='bbox 10 3807 228 3860; x_wconf 43' lang='lat' dir='ltr'><strong>§eteris</strong></span> <span class='ocrx_word' id='word_1_338' title='bbox 244 3809 372 3861; x_wconf 87' lang='lat' dir='ltr'><strong>trauseat</strong></span> <span class='ocrx_word' id='word_1_339' title='bbox 382 3809 412 3860; x_wconf 91' lang='lat' dir='ltr'><strong>in</strong></span> <span class='ocrx_word' id='word_1_340' title='bbox 425 3808 595 3874; x_wconf 89' lang='lat' dir='ltr'><strong>exemplum,</strong></span> <span class='ocrx_word' id='word_1_341' title='bbox 607 3809 783 3861; x_wconf 84' lang='lat' dir='ltr'><strong>iratcrnitati</strong></span> <span class='ocrx_word' id='word_1_342' title='bbox 795 3810 843 3861; x_wconf 90' lang='lat' dir='ltr'><strong>tue</strong></span> <span class='ocrx_word' id='word_1_343' title='bbox 860 3809 1038 3875; x_wconf 88' lang='lat' dir='ltr'><strong>presencium</strong></span> <span class='ocrx_word' id='word_1_344' title='bbox 1056 3809 1131 3861; x_wconf 90' lang='lat' dir='ltr'><strong>serie</strong></span> <span class='ocrx_word' id='word_1_345' title='bbox 1149 3807 1353 3860; x_wconf 87' lang='lat' dir='ltr'><strong>committimus</strong></span> 
     </span>
     <span class='ocr_line' id='line_1_38' title="bbox 42 3889 1353 3958; baseline -0.002 -17"><span class='ocrx_word' id='word_1_346' title='bbox 42 3891 156 3941; x_wconf 51' lang='lat' dir='ltr'><strong>Qt</strong></span> <span class='ocrx_word' id='word_1_347' title='bbox 165 3890 339 3952; x_wconf 87' lang='lat' dir='ltr'><strong>mandamus,</strong></span> <span class='ocrx_word' id='word_1_348' title='bbox 346 3892 484 3956; x_wconf 88' lang='lat' dir='ltr'><strong>quatenus</strong></span> <span class='ocrx_word' id='word_1_349' title='bbox 493 3892 652 3957; x_wconf 86' lang='lat' dir='ltr'><strong>predictum</strong></span> <span class='ocrx_word' id='word_1_350' title='bbox 664 3890 824 3954; x_wconf 87' lang='lat' dir='ltr'><strong>Nicolaum,</strong></span> <span class='ocrx_word' id='word_1_351' title='bbox 834 3905 1011 3958; x_wconf 87' lang='lat' dir='ltr'><strong>quacumque</strong></span> <span class='ocrx_word' id='word_1_352' title='bbox 1023 3892 1058 3944; x_wconf 88' lang='lat' dir='ltr'><strong>de</strong></span> <span class='ocrx_word' id='word_1_353' title='bbox 1068 3904 1155 3944; x_wconf 89' lang='lat' dir='ltr'><strong>causa</strong></span> <span class='ocrx_word' id='word_1_354' title='bbox 1162 3890 1294 3943; x_wconf 89' lang='lat' dir='ltr'><strong>detentus</strong></span> <span class='ocrx_word' id='word_1_355' title='bbox 1303 3889 1353 3951; x_wconf 88' lang='lat' dir='ltr'><strong>sit,</strong></span> 
     </span>
     <span class='ocr_line' id='line_1_39' title="bbox 73 3971 1353 4041; baseline 0 -18"><span class='ocrx_word' id='word_1_356' title='bbox 73 3971 280 4039; x_wconf 60' lang='lat' dir='ltr'><strong>‹liiigenter</strong></span> <span class='ocrx_word' id='word_1_357' title='bbox 301 3974 332 4026; x_wconf 89' lang='lat' dir='ltr'><strong>in</strong></span> <span class='ocrx_word' id='word_1_358' title='bbox 352 3974 513 4026; x_wconf 88' lang='lat' dir='ltr'><strong>carceribus</strong></span> <span class='ocrx_word' id='word_1_359' title='bbox 529 3975 587 4026; x_wconf 89' lang='lat' dir='ltr'><strong>tuis</strong></span> <span class='ocrx_word' id='word_1_360' title='bbox 606 3973 695 4026; x_wconf 86' lang='lat' dir='ltr'><strong>iacias</strong></span> <span class='ocrx_word' id='word_1_361' title='bbox 715 3974 846 4036; x_wconf 88' lang='lat' dir='ltr'><strong>retineri,</strong></span> <span class='ocrx_word' id='word_1_362' title='bbox 863 3987 916 4040; x_wconf 92' lang='lat' dir='ltr'><strong>pro</strong></span> <span class='ocrx_word' id='word_1_363' title='bbox 940 3974 1142 4041; x_wconf 89' lang='lat' dir='ltr'><strong>suprascriptis</strong></span> <span class='ocrx_word' id='word_1_364' title='bbox 1161 3974 1191 4026; x_wconf 91' lang='lat' dir='ltr'><strong>et</strong></span> <span class='ocrx_word' id='word_1_365' title='bbox 1207 3972 1278 4025; x_wconf 88' lang='lat' dir='ltr'><strong>alius</strong></span> <span class='ocrx_word' id='word_1_366' title='bbox 1293 3972 1353 4024; x_wconf 90' lang='lat' dir='ltr'><strong>suis</strong></span> 
     </span>
     <span class='ocr_line' id='line_1_40' title="bbox 111 4054 1353 4123; baseline -0.001 -17"><span class='ocrx_word' id='word_1_367' title='bbox 111 4055 272 4108; x_wconf 81' lang='lat' dir='ltr'><strong>‹temeritis</strong></span> <span class='ocrx_word' id='word_1_368' title='bbox 293 4055 389 4110; x_wconf 90' lang='lat' dir='ltr'><strong>debite</strong></span> <span class='ocrx_word' id='word_1_369' title='bbox 408 4056 593 4123; x_wconf 89' lang='lat' dir='ltr'><strong>puniendum.</strong></span> <span class='ocrx_word' id='word_1_370' title='bbox 615 4056 689 4108; x_wconf 89' lang='lat' dir='ltr'><strong>Nam</strong></span> <span class='ocrx_word' id='word_1_371' title='bbox 710 4070 763 4122; x_wconf 90' lang='lat' dir='ltr'><strong>pro</strong></span> <span class='ocrx_word' id='word_1_372' title='bbox 783 4055 880 4110; x_wconf 86' lang='lat' dir='ltr'><strong>debita</strong></span> <span class='ocrx_word' id='word_1_373' title='bbox 898 4058 1067 4111; x_wconf 82' lang='lat' dir='ltr'><strong>executione</strong></span> <span class='ocrx_word' id='word_1_374' title='bbox 1087 4057 1200 4109; x_wconf 87' lang='lat' dir='ltr'><strong>iustitie</strong></span> <span class='ocrx_word' id='word_1_375' title='bbox 1221 4055 1278 4107; x_wconf 90' lang='lat' dir='ltr'><strong>cito</strong></span> <span class='ocrx_word' id='word_1_376' title='bbox 1299 4054 1353 4105; x_wconf 92' lang='lat' dir='ltr'><strong>tibi</strong></span> 
     </span>
     <span class='ocr_line' id='line_1_41' title="bbox 109 4137 1353 4207; baseline 0.001 -19"><span class='ocrx_word' id='word_1_377' title='bbox 109 4137 275 4191; x_wconf 70' lang='lat' dir='ltr'><strong>:uitiantur</strong></span> <span class='ocrx_word' id='word_1_378' title='bbox 293 4138 456 4204; x_wconf 83' lang='lat' dir='ltr'><strong>supradicte</strong></span> <span class='ocrx_word' id='word_1_379' title='bbox 476 4138 617 4191; x_wconf 87' lang='lat' dir='ltr'><strong>sententie</strong></span> <span class='ocrx_word' id='word_1_380' title='bbox 637 4150 702 4190; x_wconf 91' lang='lat' dir='ltr'><strong>cnm</strong></span> <span class='ocrx_word' id='word_1_381' title='bbox 727 4138 893 4192; x_wconf 82' lang='lat' dir='ltr'><strong>executoris</strong></span> <span class='ocrx_word' id='word_1_382' title='bbox 913 4139 1079 4207; x_wconf 85' lang='lat' dir='ltr'><strong>originales,</strong></span> <span class='ocrx_word' id='word_1_383' title='bbox 1105 4140 1136 4190; x_wconf 77' lang='lat' dir='ltr'><strong>st</strong></span> <span class='ocrx_word' id='word_1_384' title='bbox 1161 4138 1262 4190; x_wconf 87' lang='lat' dir='ltr'><strong>contra</strong></span> <span class='ocrx_word' id='word_1_385' title='bbox 1288 4148 1353 4203; x_wconf 91' lang='lat' dir='ltr'><strong>pre·</strong></span> 
     </span>
     <span class='ocr_line' id='line_1_42' title="bbox 131 4219 1236 4288; baseline 0.002 -17"><span class='ocrx_word' id='word_1_386' title='bbox 131 4219 233 4271; x_wconf 89' lang='lat' dir='ltr'><strong>dictum</strong></span> <span class='ocrx_word' id='word_1_387' title='bbox 244 4219 395 4273; x_wconf 84' lang='lat' dir='ltr'><strong>Nicolaum</strong></span> <span class='ocrx_word' id='word_1_388' title='bbox 411 4222 527 4287; x_wconf 90' lang='lat' dir='ltr'><strong>procedi</strong></span> <span class='ocrx_word' id='word_1_389' title='bbox 544 4221 643 4286; x_wconf 87' lang='lat' dir='ltr'><strong>possit,</strong></span> <span class='ocrx_word' id='word_1_390' title='bbox 656 4222 742 4287; x_wconf 91' lang='lat' dir='ltr'><strong>prout</strong></span> <span class='ocrx_word' id='word_1_391' title='bbox 755 4222 825 4274; x_wconf 92' lang='lat' dir='ltr'><strong>ordo</strong></span> <span class='ocrx_word' id='word_1_392' title='bbox 837 4222 908 4274; x_wconf 90' lang='lat' dir='ltr'><strong>iuris</strong></span> <span class='ocrx_word' id='word_1_393' title='bbox 919 4221 1044 4288; x_wconf 90' lang='lat' dir='ltr'><strong>postulat</strong></span> <span class='ocrx_word' id='word_1_394' title='bbox 1059 4223 1088 4275; x_wconf 90' lang='lat' dir='ltr'><strong>et</strong></span> <span class='ocrx_word' id='word_1_395' title='bbox 1103 4220 1236 4287; x_wconf 88' lang='lat' dir='ltr'><strong>requirit.</strong></span> 
     </span>
     <span class='ocr_line' id='line_1_43' title="bbox 163 4302 338 4368; baseline 0.011 -13"><span class='ocrx_word' id='word_1_396' title='bbox 163 4302 273 4368; x_wconf 89' lang='lat' dir='ltr'><strong>Datum,</strong></span> <span class='ocrx_word' id='word_1_397' title='bbox 283 4304 338 4357; x_wconf 85' lang='lat' dir='ltr'><strong>etc.</strong></span> 
     </span>
    </p>
   </div>
   <div class='ocr_carea' id='block_1_5' title="bbox 388 4397 1353 4626">
    <p class='ocr_par' dir='ltr' id='par_1_9' title="bbox 388 4397 1353 4626">
     <span class='ocr_line' id='line_1_44' title="bbox 388 4397 1353 4473; baseline -0.005 -12"><span class='ocrx_word' id='word_1_398' title='bbox 388 4406 505 4462; x_wconf 82' lang='lat' dir='ltr'><strong>(leheim</strong></span> <span class='ocrx_word' id='word_1_399' title='bbox 525 4397 636 4462; x_wconf 75' lang='lat' dir='ltr'><strong>archisi</strong></span> <span class='ocrx_word' id='word_1_400' title='bbox 651 4422 705 4461; x_wconf 86' lang='lat' dir='ltr'><strong>van</strong></span> <span class='ocrx_word' id='word_1_401' title='bbox 725 4407 776 4461; x_wconf 92' lang='lat' dir='ltr'><strong>het</strong></span> <span class='ocrx_word' id='word_1_402' title='bbox 791 4406 943 4473; x_wconf 83' lang='lat' dir='ltr'><strong>Vatikaan,</strong></span> <span class='ocrx_word' id='word_1_403' title='bbox 966 4407 1047 4461; x_wconf 76' lang='lat' dir='ltr'><strong>Arna</strong></span> <span class='ocrx_word' id='word_1_404' title='bbox 1068 4405 1207 4471; x_wconf 80' lang='lat' dir='ltr'><strong>XXXIX,</strong></span> <span class='ocrx_word' id='word_1_405' title='bbox 1237 4402 1300 4458; x_wconf 91' lang='lat' dir='ltr'><strong>deel</strong></span> <span class='ocrx_word' id='word_1_406' title='bbox 1318 4403 1353 4468; x_wconf 84' lang='lat' dir='ltr'><strong>V,</strong></span> 
     </span>
     <span class='ocr_line' id='line_1_45' title="bbox 419 4486 1352 4626; baseline -0.002 -83"><span class='ocrx_word' id='word_1_407' title='bbox 419 4489 615 4626; x_wconf 40' lang='lat' dir='ltr'><strong>&amp;iaz-ram</strong></span> <span class='ocrx_word' id='word_1_408' title='bbox 635 4490 790 4560; x_wconf 63' lang='lat' dir='ltr'><strong>egsum</strong></span> <span class='ocrx_word' id='word_1_409' title='bbox 806 4491 843 4556; x_wconf 86' lang='lat' dir='ltr'><strong>bij</strong></span> <span class='ocrx_word' id='word_1_410' title='bbox 863 4489 997 4555; x_wconf 68' lang='lat' dir='ltr'><strong>eunome,</strong></span> <span class='ocrx_word' id='word_1_411' title='bbox 1012 4487 1109 4544; x_wconf 73' lang='lat' dir='ltr'><strong>rusae</strong></span> <span class='ocrx_word' id='word_1_412' title='bbox 1123 4488 1279 4554; x_wconf 63' lang='lat' dir='ltr'><strong>miser,</strong></span> <span class='ocrx_word' id='word_1_413' title='bbox 1297 4486 1352 4541; x_wconf 82' lang='lat' dir='ltr'><strong>bn.</strong></span> 
     </span>
    </p>
   </div>
   <div class='ocr_carea' id='block_1_6' title="bbox 0 0 1639 5324">
    <p class='ocr_par' dir='ltr' id='par_1_10' title="bbox 0 0 1639 5324">
     <span class='ocr_line' id='line_1_46' title="bbox 0 0 1639 5324; baseline 0 0"><span class='ocrx_word' id='word_1_414' title='bbox 0 0 1639 5324; x_wconf 95' lang='lat' dir='ltr'><strong> </strong></span> 
     </span>
    </p>
   </div>
  </div>
 </body>
</html>
