3188 5340
545 476 650 529 ANNO
670 476 809 527 1175-1177
1255 477 1288 529 23

76 643 189 695 deretani
200 644 304 696 faeiem
315 643 430 696 tandem
439 642 537 695 ridere
547 642 650 694 merui.
661 641 765 694 Judiea
777 655 822 694 me
835 653 914 707 ergo,
928 653 1042 704 quaeso,
1050 640 1174 699 domine,
1186 653 1287 692 secun-

13 768 16 774 .
73 726 128 777 dum
134 725 280 790 Justieiam
291 739 393 789 meam,
405 726 435 777 in
444 724 498 777 hae
508 726 592 790 parte
603 724 750 776 effundens
759 725 898 776 frameam
905 722 974 787 justi
984 722 1085 786 judicii
1095 722 1229 775 adversus
1237 738 1287 776 eos

10 810 14 883 1
71 808 110 873 qni
126 808 339 874 persequuntur
353 820 409 859 me.
426 808 479 859 Dio
491 807 586 859 anime
604 819 684 859 meet
702 805 872 859 “salustus
887 817 940 870 ego
954 818 1016 856 sum
1030 827 1053 866 n,
1066 807 1098 856 ut
1110 805 1181 857 sciet
1196 806 1287 856 omnis

10 886 12 918 ²
68 890 181 942 nundus
197 888 367 956 prophetam
384 902 446 941 esse
463 890 493 941 in
504 888 605 942 Israel.
619 890 663 941 Ne
681 890 775 941 autem
792 889 948 940 arbitretur
965 901 1010 939 me
1026 887 1177 940 clementie
1194 891 1287 940 vestre

10 985 12 993 ·
66 974 198 1025 serenitas
215 985 337 1037 querere
354 971 493 1024 ultionem
510 973 560 1024 aut
576 972 711 1037 expetere
733 971 896 1032 vindictam,
914 970 981 1035 quis
1002 972 1031 1021 et
1048 971 1072 1021 si
1090 984 1155 1021 earo
1181 971 1215 1022 sd
1233 969 1287 1022 hoe

65 1056 316 1121 concupiscendum
338 1055 452 1106 infirma
470 1057 520 1116 est,
540 1055 657 1120 spiritus
674 1055 769 1106 tamen
787 1053 905 1106 rationis
923 1054 1044 1114 absistit,
1063 1051 1193 1104 terribile
1214 1051 1286 1104 illud

65 1137 256 1205 evmgelieum
268 1139 297 1190 et
308 1139 369 1203 ipse
385 1137 492 1189 habens
506 1136 684 1189 obstaculum
697 1151 704 1187 :
719 1158 731 1179 n
744 1137 823 1188 Sicut
835 1139 863 1188 et
874 1139 957 1202 pater
967 1149 1047 1188 meus
1058 1135 1189 1188 caelestis
1201 1136 1287 1187 iaeiet

64 1220 145 1282 robis,
153 1221 181 1271 si
189 1233 250 1271 non
261 1220 431 1272 remiseritis
442 1221 635 1284 unusquisque
643 1220 726 1270 tratri
736 1233 786 1270 suo
799 1219 834 1271 de
844 1219 929 1270 corde
938 1220 1041 1270 restro.
1051 1241 1063 1263 n
1076 1217 1181 1270 Verum
1190 1231 1225 1270 ne
1234 1219 1286 1270 suh

64 1302 172 1368 pietatis
184 1302 280 1367 speeie
292 1300 369 1354 selus
380 1303 531 1355 evanescat
540 1302 664 1366 iusticie,
675 1301 755 1353 ulcus
768 1300 822 1352 hoe
834 1301 991 1364 iniquitatis
1003 1301 1107 1352 nostris
1120 1301 1286 1366 inpartibus

63 1384 167 1434 tumens
186 1384 237 1435 aut
248 1383 403 1434 mirandum
423 1385 472 1434 aut
489 1382 640 1435 secandum
652 1384 700 1434 tue
718 1380 879 1434 medicinali
897 1381 1064 1446 depromere
1082 1383 1200 1448 dignum
1217 1381 1285 1434 duxi

64 1465 157 1529 peritis
169 1481 178 1528 ;
192 1479 226 1517 se
238 1479 283 1527 ne,
302 1479 416 1517 rursum
435 1464 556 1517 relatum
568 1478 613 1516 me
629 1479 681 1529 pro
699 1465 782 1516 domo
795 1464 884 1516 Israel
904 1466 1049 1530 estimans,
1061 1465 1176 1530 proprie
1191 1465 1285 1530 potius

64 1542 160 1597 illiciar
171 1545 292 1598 ultionis
303 1547 411 1612 eupidit
412 1548 468 1608 ate,
481 1548 529 1599 tue
546 1559 591 1598 me
604 1548 694 1598 totum
706 1546 872 1599 discretioni
891 1547 976 1610 atque
988 1546 1117 1608 oonsilio,
1134 1559 1243 1598 necnon
1255 1547 1285 1598 et

65 1640 164 1691 eorum,
184 1629 233 1693 qui
250 1629 312 1681 viee
330 1628 393 1680 Hur
410 1631 439 1680 et
456 1630 551 1681 Aaron
573 1642 673 1679 manus
693 1630 764 1689 tuas,
784 1643 854 1694 quas
876 1630 989 1682 assidue
1010 1629 1046 1680 ad
1064 1629 1216 1683 Dominum
1232 1644 1284 1697 pro

10 1710 12 1716 '
66 1709 160 1776 populo
170 1709 292 1762 levando
304 1710 427 1773 laboras,
437 1707 596 1763 sustentare
607 1713 786 1776 aeceperunt,
800 1713 923 1763 examini
932 1712 961 1763 et
972 1710 1130 1764 defensioni
1139 1711 1285 1810 committo

10 1806 13 1825 ¹
68 1795 89 1843 et
103 1793 283 1859 derelinquo.

92 1875 142 1928 Sed
153 1876 232 1941 quia,
246 1878 325 1928 trans
334 1876 420 1942 Alpes
431 1878 548 1943 positus,
560 1879 628 1942 quid
638 1881 757 1929 svestra
765 1878 872 1942 pietate
884 1877 1051 1943 accepturus
1061 1889 1152 1928 essem
1160 1875 1283 1938 consilii,

70 1959 129 2010 scire
146 1972 203 2010 non
221 1962 360 2023 poteram,
380 1963 439 2012 tres
457 1960 573 2012 interim
593 1955 718 2022 abbates,
736 1961 785 2024 qui
805 1960 1010 2026 potissimum
1002 1975 1032 2010 ιιι
1049 1973 1143 2012 meam
1159 1973 1283 2026 grauem

72 2041 226 2093 ridebantur
233 2041 424 2093 innocentiam
427 2055 511 2107 quia
519 2057 583 2095 viva
591 2055 660 2094 voce
669 2044 750 2108 utpo
751 2044 878 2094 eabsens
887 2057 942 2094 non
952 2042 1041 2107 potui,
1047 2043 1160 2109 seriptis
1168 2055 1285 2108 propris

74 2136 141 2174 nanu
164 2125 193 2175 et
210 2124 384 2175 transmissis
402 2123 639 2190 appellationibus
658 2125 693 2176 ed
712 2126 805 2176 vestre
829 2124 973 2177 audientis
996 2125 1132 2177 trutinam
1154 2125 1283 2190 proximo

76 2203 157 2258 leurs
165 2203 349 2258 Jteruealem
358 2220 546 2272 responsurus
564 2207 688 2270 evocavi,
702 2208 760 2259 tam
778 2208 813 2260 de
826 2208 870 2259 his
890 2221 975 2272 quam
992 2207 1028 2259 de
1044 2208 1157 2271 ceteris,
1169 2208 1193 2258 si
1205 2207 1284 2258 vobis

78 2288 208 2351 ridebitur,
225 2288 412 2354 appellandis,
430 2289 479 2354 qui
496 2290 590 2341 vestre
601 2289 716 2355 pietatis
734 2290 845 2354 equitas
857 2291 1000 2352 decernat,
1013 2290 1112 2343 audire
1123 2290 1237 2357 paratus
1255 2290 1285 2340 et

79 2371 160 2423 lacere.

318 2485 374 2538 HS.
392 2486 425 2548 Q.
443 2487 469 2539 9.
488 2485 536 2539 182
547 2500 601 2539 van
613 2486 662 2538 het
674 2487 804 2540 Museum
814 2487 1024 2540 Hunterianum
1037 2489 1065 2540 te
1077 2486 1208 2554 Glasgow
1216 2484 1283 2550 (12⁶

351 2569 461 2635 esum),
489 2569 643 2636 algedrulst
671 2570 707 2634 blj
730 2568 828 2636 Ulysse
857 2570 976 2632 Robert,
1001 2568 1128 2644 Belleia
1150 2567 1191 2620 du
1208 2582 1283 2636 pape

352 2649 458 2703 &lete
467 2649 505 2712 II,
518 2649 582 2703 deel
595 2650 633 2712 11,
647 2650 700 2702 blz.
710 2650 768 2713 414,
781 2660 811 2701 nr
822 2650 877 2704 25⁸.

582 2862 631 2930 ιιι
655 2853 756 2950 (46⁷).

112 3054 145 3136 (c.
169 3055 357 3130 11751177,
377 3053 484 3120 Rome
496 3053 527 3138 1)
550 3053 743 3141 Omstandig
761 3054 1031 3122 verweersehrift
1047 3074 1111 3121 van
1128 3051 1281 3121 Lambert

79 3151 101 3217 le
113 3155 215 3244 Begue
227 3162 277 3222 tot
288 3154 433 3222 calixtus
449 3156 496 3221 Ill
511 3155 641 3242 gericht
654 3177 706 3223 om
718 3158 758 3224 de
774 3159 999 3246 aantijgingen
1011 3159 1116 3246 zijner
1126 3156 1281 3244 rijandeu

77 3260 322 3345 tereerleggen.
338 3294 382 3306 -
399 3259 480 3325 Veel
492 3259 584 3326 heeft
598 3280 671 3326 men
684 3269 781 3348 tegeri
796 3261 870 3327 hem
883 3262 1020 3328 eunden
1033 3281 1114 3348 paus
1129 3259 1283 3348 genebre-

74 3379 120 3428 ren
136 3384 176 3430 eu
192 3361 316 3451 gezegd
336 3382 344 3440 ;
372 3382 414 3429 na
431 3363 494 3450 rijp
511 3362 646 3449 orerleg
664 3363 719 3429 wil
736 3364 781 3452 hij
800 3385 836 3429 er
861 3370 943 3450 punt
959 3384 1039 3431 voor
1054 3368 1138 3451 punt
1153 3385 1194 3451 op
1210 3370 1282 3433 ant·

71 3467 223 3534 robrden.
254 3464 390 3532 Daaruit
416 3465 528 3531 leereu
553 3466 608 3553 wij
641 3466 699 3533 het
726 3465 909 3553 volgende:
941 3467 993 3555 Hij
1021 3487 1091 3534 was
1119 3488 1183 3535 van
1207 3489 1283 3534 neer

66 3570 210 3656 nederige
231 3567 386 3646 attonat,
405 3567 446 3635 de
469 3588 551 3634 zoen
575 3588 654 3635 eeus
677 3569 954 3636 timmermansen
970 3569 1282 3657 eenerdeugdzame

64 3669 240 3758 behoeftige
267 3670 409 3737 moeder.
437 3669 490 3759 Hij
520 3671 672 3757 predilste
697 3673 808 3739 rooral
841 3692 922 3739 reor
945 3693 1072 3739 revers
1096 3694 1137 3739 en
1161 3672 1282 3740 andere

61 3774 270 3843 rerklieden.
288 3774 379 3841 Voor
394 3793 455 3839 eeu
471 3772 650 3841 dertieutal
662 3777 759 3863 jasen
772 3773 919 3843 bellende
932 3775 976 3859 hij
991 3776 1038 3843 uit
1055 3776 1149 3863 sigen
1173 3776 1281 3843 bewe-

56 3879 133 3966 ging
148 3899 213 3946 aan
243 3878 352 3965 ziJneu
377 3874 542 3971 hisschop,
565 3878 621 3944 dat
645 3879 690 3966 hij
721 3878 791 3946 niet
816 3898 856 3964 op
872 3878 1003 3945 ruivere
1026 3879 1120 3967 wiJze
1146 3884 1196 3946 tot
1223 3880 1282 3948 het

53 3982 298 4069 priestersehap
313 4000 384 4046 was
401 3980 566 4046 verberer
584 3980 785 4068 geworden;
815 4002 908 4047 maer
926 3981 971 4070 hij
990 3981 1082 4050 werd
1097 3982 1187 4049 nouit
1202 3981 1284 4049 door

52 4085 160 4175 zijnen
177 4083 330 4169 bissehop
347 4082 395 4152 uit
412 4082 470 4152 het
485 4084 728 4171 priestersohap
752 4083 937 4171 gebennen,
964 4085 1072 4152 zoonls
1088 4084 1282 4175 rulechelijk

51 4187 208 4257 heweerd
233 4185 352 4266 werdt,
381 4184 538 4253 ofsehoon
566 4187 611 4275 hij
638 4187 825 4256 sedertdieu
850 4188 954 4255 onder
981 4188 1022 4254 de
1050 4208 1155 4275 engen
1178 4188 1284 4278 zijner

49 4292 209 4381 vijanden
225 4287 469 4376 ouafgebroken
485 4288 525 4355 de
541 4296 769 4359 sacramentor
795 4291 844 4358 als
867 4291 1009 4378 priester
1023 4291 1115 4359 heeft
1130 4289 1280 4361 bedieud.

47 4398 93 4465 De
109 4391 330 4462 kanunniken
343 4392 403 4460 der
414 4391 673 4460 st-Pauluslerl
691 4400 724 4462 te
736 4395 830 4475 Luik,
845 4393 1042 4462 waarouder
1057 4394 1129 4462 sich
1145 4416 1204 4462 een
1222 4394 1283 4483 aij.-

47 4520 109 4568 ner
126 4497 290 4589 heftigste
307 4496 461 4586 vijanden
477 4495 601 4585 (Daniel
610 4497 639 4586 1)
654 4496 799 4580 bevindt
816 4497 944 4568 hebben
963 4499 1037 4567 hem
1050 4495 1279 4567 daerenboren
