3188 5340
187 509 237 563 1OE
666 507 770 564 ANNO
788 505 929 560 lwlffi

187 677 320 730 dicebant
335 676 385 729 ubi
405 675 461 727 luit
479 675 623 740 inceptum
643 675 735 740 etpro
748 687 804 740 que
825 687 926 739 causa3
940 673 991 726 sed
1010 687 1153 740 nunquam
1164 674 1246 740 potui
1257 687 1345 741 super
1360 674 1405 728 boo

185 759 338 812 certificari
350 759 385 811 ab
398 759 503 824 aliquo,
514 759 543 811 et
549 759 667 826 propter
677 759 731 812 hoc
743 771 797 825 ego
815 758 912 811 solum
937 757 1009 811 illud
1027 758 1103 823 quod
1119 758 1206 810 tiebat
1224 758 1256 809 in
1273 757 1406 821 romano,

185 842 240 895 leci
257 841 423 908 registrare,
436 842 549 907 quiade
566 842 683 894 remotis
700 843 829 907 partibus
851 841 990 893 nescirem
1010 840 1106 894 dicere
1122 840 1283 893 veritatem.

218 923 318 976 Modus
338 924 468 976 veniendi
491 926 563 986 erat,
584 925 695 988 quando
716 925 867 976 societates
891 937 921 975 se
936 923 1140 985 adunaverunt,
1152 923 1236 975 modo
1253 923 1309 984 00,
1331 925 1407 976 modo

186 1005 261 1071 000,
272 1007 356 1058 modo
368 1004 563 1072 plures,modo
573 1007 731 1072 pauciores.
745 1005 865 1058 Habitus
879 1019 978 1058 eorum
992 1007 1054 1057 eret
1064 1005 1141 1070 quod
1148 1018 1236 1071 super
1245 1007 1409 1059 vestimenta

186 1102 238 1140 sua
249 1091 384 1141 consueta
394 1088 536 1140 habebant
553 1102 641 1140 unum
661 1088 814 1151 colobium,
836 1088 912 1153 quod
928 1087 1087 1154 vulgariter
1102 1085 1194 1139 cloelis
1207 1101 1408 1154 nuncupemus.

188 1172 278 1235 Super
289 1184 345 1234 quo
362 1169 474 1223 colobio
483 1172 549 1223 ante
560 1170 703 1223 habebant
719 1172 750 1221 in
762 1173 876 1236 pectore
886 1183 971 1221 unam
983 1182 1096 1228 crucem
1112 1169 1231 1222 rubeam
1243 1172 1273 1222 et
1288 1172 1368 1223 retro
1383 1171 1409 1223 in

185 1255 268 1305 dorso
278 1252 456 1314 similiter,et
467 1254 529 1304 erat
540 1254 576 1304 ab
588 1265 645 1304 una
657 1255 740 1318 parte
753 1254 882 1315 scissum,
891 1253 920 1304 et
931 1253 972 1303 ibi
983 1252 1144 1316 pendebant
1154 1253 1331 1318 scorpiones,
1341 1253 1409 1319 quod

183 1335 342 1402 vulgariter
353 1335 472 1386 dicimus
489 1337 616 1402 ecorgics,
637 1337 696 1387 tres
710 1332 802 1387 nod'os
814 1335 952 1387 habentes
963 1351 970 1398 ;
983 1336 1012 1386 et
1023 1335 1053 1385 in
1064 1332 1192 1398 quolibet
1203 1336 1278 1387 nodo
1289 1336 1410 1388 deterre

182 1419 304 1483 quatuor
313 1420 466 1483 puncturas
474 1419 634 1483 pungentes
645 1418 724 1468 velut
741 1431 826 1481 ecus3
839 1418 868 1468 et
882 1417 1027 1468 hebebant
1038 1429 1090 1468 sua
1097 1415 1216 1482 capucia
1222 1427 1312 1480 super
1321 1414 1410 1479 capite

182 1512 292 1560 eorum,
305 1500 334 1550 et
344 1498 467 1564 desuper
479 1513 568 1551 unum
580 1499 735 1565 capellum,
749 1501 778 1551 in
790 1514 845 1564 quo
859 1501 921 1551 erat
933 1511 990 1550 una
998 1512 1067 1550 crux
1077 1499 1166 1550 rubea
1176 1498 1297 1549 consuta
1309 1497 1411 1557 antee

184 1583 271 1643 retro,
281 1582 427 1647 portantes
439 1581 553 1633 baculos
572 1583 793 1647 penitentiarios
811 1583 841 1633 in
854 1581 994 1633 manibus.
1008 1581 1045 1632 Et
1056 1580 1196 1633 intrantes
1215 1578 1247 1629 in
1258 1577 1409 1641 civitatem,

185 1662 371 1728 portabantur
388 1675 467 1725 crux,
485 1663 590 1715 vexilla
607 1665 637 1715 et
651 1664 727 1715 cerei
737 1665 806 1715 torti
817 1664 972 1715 secundum
983 1676 1065 1728 posse
1082 1674 1191 1722 eorum,
1202 1659 1294 1724 aliqui
1306 1657 1408 1724 plures,

184 1741 273 1809 aliqui
292 1742 459 1809 pauciores;
480 1747 509 1797 et
531 1747 678 1800 coutentes
698 1747 727 1797 et
741 1745 867 1797 ordinati
879 1746 970 1807 ibant,
991 1744 1130 1796 cantando
1152 1741 1410 1795 secundum-suuni

184 1827 307 1892 ydioma,
320 1825 462 1893 Flamingi
480 1826 510 1877 in
529 1825 675 1892 hamingo,
692 1825 737 1878 illi
762 1826 797 1878 de
816 1826 972 1878 Brabantia
989 1826 1019 1877 in
1035 1823 1210 1888 theutonico,
1222 1823 1254 1874 et
1269 1819 1374 1873 Gallici
1384 1821 1410 1872 in

183 1908 302 1976 galliam
320 1910 349 1960 et
368 1910 398 1960 in
415 1908 572 1961 cathedrali
585 1908 706 1960 ecclesia
724 1911 792 1960 ante
811 1908 976 1974 ymaginem
993 1909 1076 1960 beate
1093 1906 1184 1958 Maria
1200 1905 1317 1957 mutum
1333 1917 1410 1955 muni

185 1992 330 2043 liniebant.
340 1991 445 2043 Postea
456 1992 486 2043 in
497 1993 560 2042 loro
572 1992 696 2043 civitatis
715 1990 759 2042 vel
777 1992 807 2042 in
822 1993 902 2043 curte
920 1991 1011 2043 sancti
1029 1988 1146 2043 Martini
1158 2000 1189 2040 se
1200 1986 1375 2046 adunabunt,
1386 1987 1411 2037 et

185 2075 253 2125 tunc
265 2073 300 2124 ad
312 2077 422 2138 partem
430 2087 461 2126 se
473 2073 620 2125 trahentes
629 2075 659 2125 in
671 2072 767 2138 aliquo
785 2073 942 2124 diversorio
960 2071 1004 2124 vel
1016 2073 1046 2125 in
1060 2071 1123 2123 loco
1135 2070 1171 2122 ed
1180 2068 1235 2121 hoc
1243 2071 1324 2135 epto,
1335 2070 1365 2121 et
1376 2067 1410 2119 ibi

184 2159 276 2207 vestes
288 2158 317 2208 et
325 2155 517 2208 calceamenta
529 2156 719 2221 deponebant,
730 2156 868 2208 habentes
880 2156 921 2207 ibi
935 2155 1066 2206 custodes
1077 2154 1126 2218 qui
1135 2165 1179 2215 ea,
1188 2151 1281 2204 donec
1291 2152 1410 2204 reverte

185 2240 294 2300 rentur,
307 2239 522 2290 conservabant.
539 2237 698 2290 veniebant
710 2240 806 2290 autem
824 2238 859 2289 ad
871 2236 964 2290 locum
975 2237 1112 2289 habentes
1123 2235 1218 2300 capita
1233 2235 1372 2299 cooperte
1381 2232 1411 2284 de

185 2321 244 2372 suis
256 2320 380 2386 capuciis
398 2321 427 2372 et
439 2319 522 2385 pileis
534 2321 666 2386 desuper,
682 2320 764 2372 nudis
775 2319 904 2385 pedibus,
919 2320 993 2372 nudo
1011 2331 1140 2383 corpore,
1153 2316 1293 2370 habentes
1309 2315 1348 2368 de
1358 2313 1411 2367 tela

184 2415 273 2454 unum
292 2402 496 2454 vestimentum
521 2403 682 2454 conlectum
705 2401 740 2453 ed
764 2402 855 2454 instar
877 2401 1039 2454 vestimenti
1062 2401 1182 2452 istorum
1208 2398 1410 2459 tumerionrm,

187 2485 298 2549 quando
311 2486 445 2537 exercent
454 2499 537 2536 suum
550 2498 629 2548 opus.
642 2485 721 2536 Istud
733 2485 933 2536 vestimentum
942 2483 1108 2544 vestiebant,
1115 2481 1191 2546 quod
1199 2482 1263 2533 eret
1271 2482 1364 2532 totum
1372 2494 1409 2531 ro

187 2567 305 2619 tundam
314 2567 436 2632 desuper
444 2569 474 2617 et
482 2567 614 2628 interius,
623 2568 652 2618 et
663 2567 818 2633 cingebant
829 2580 860 2618 se
872 2567 945 2618 citra
955 2564 1120 2618 umbilicum
1132 2577 1214 2616 suum
1225 2563 1352 2628 desuper
1366 2575 1411 2614 sua

185 2648 335 2702 femoralia
354 2651 384 2701 et
400 2652 462 2702 eret
473 2649 590 2716 longum
599 2663 688 2714 usque
697 2663 785 2715 prope
794 2652 911 2711 terrem,
921 2651 1053 2701 tenentes
1062 2648 1226 2712 scorpiones
1234 2645 1408 2698 inmanibus.

187 2731 224 2784 Et
235 2731 347 2797 quando
358 2734 441 2783 erant
449 2733 477 2783 in
490 2731 586 2796 platea
597 2732 632 2784 ed
645 2731 698 2783 hoc
710 2733 785 2797 apte,
796 2733 896 2783 modus
910 2744 1010 2783 eorum
1021 2729 1087 2782 talis
1097 2731 1169 2791 erat,
1181 2727 1258 2793 quod
1269 2729 1410 2793 portantes

186 2827 294 2875 cruces,
305 2813 410 2865 vexilla
420 2817 450 2865 et
468 2826 566 2866 cereos
578 2815 718 2879 preibant,
738 2816 767 2866 et
778 2817 846 2866 tunc
858 2813 1060 2878 sequebantur
1068 2812 1142 2864 sicut
1152 2813 1234 2864 eraut
1245 2809 1411 2871 ordinarint

185 2897 339 2948 secundum
348 2897 535 2960 quantitatem
545 2909 646 2948 eorum
657 2898 687 2947 et
697 2896 752 2947 loci
763 2895 981 2948 continentiam.
995 2895 1032 2947 Et
1039 2894 1215 2960 incipiebant
1221 2893 1321 2946 lacere
1329 2893 1410 2945 aime

185 2977 255 3039 lum,
268 2981 297 3029 et
307 2977 449 3030 habebant
461 2978 639 3030 cantilenam
652 2979 810 3031 ordinatam
822 2979 978 3031 secundum
989 2990 1071 3028 suum
1083 2977 1207 3042 ydiome,
1224 2987 1312 3039 quam
1328 2975 1409 3027 canti

120 3097 122 3101 η
187 3060 281 3112 lenam
309 3061 483 3126 incipiebant
506 3063 635 3112 cantores
663 3061 796 3123 ordinati,
817 3062 921 3112 ceteris
943 3073 1000 3112 une
1025 3071 1094 3109 voce
1118 3056 1366 3122 respondentibus,
1385 3056 1410 3106 et

187 3144 330 3195 iaciebant
345 3143 484 3195 circulum
500 3144 640 3196 cantando
658 3147 687 3195 et
705 3143 912 3209 respondendo,
925 3145 955 3195 et
970 3144 1101 3194 cantores
1117 3142 1147 3192 et
1163 3138 1370 3204 respondentes
1383 3150 1409 3189 se

187 3226 372 3288 verberando,
386 3226 415 3278 et
427 3228 489 3278 erat
508 3226 652 3279 cantilena
663 3229 739 3278 iacta
755 3225 808 3278 tali
821 3226 914 3288 modo,
930 3225 1005 3290 quod
1016 3224 1107 3275 tribus
1118 3222 1227 3274 vicibus
1238 3223 1370 3274 aterum
1383 3231 1410 3272 ss

187 3309 336 3360 debebant.
349 3307 388 3360 itt
405 3309 518 3373 quando
536 3310 688 3362 veniebant
705 3309 740 3360 ad
762 3309 885 3374 primum
898 3321 1022 3374 passum,
1034 3319 1131 3358 omnes
1148 3306 1178 3356 iu
1197 3318 1256 3356 uno
1272 3305 1409 3357 momento

186 3392 247 3442 toto
259 3404 378 3456 corpore
389 3393 418 3444 et
427 3394 542 3457 pectore
554 3405 585 3443 se
595 3392 827 3457 prosternebant,
839 3392 869 3443 et
880 3391 916 3443 de
924 3389 1049 3442 brachiis
1059 3390 1088 3441 et
1098 3390 1158 3440 toto
1170 3399 1292 3452 corpore
1302 3397 1410 3439 cruceni

186 3473 336 3525 iaciebant.
355 3473 392 3525 lit
404 3475 555 3540 surgentes
567 3487 653 3540 super
665 3487 761 3541 genua
771 3474 899 3525 diversas
909 3473 1077 3526 afflictiones
1091 3470 1245 3530 iaciebant,
1263 3469 1295 3520 in
1305 3469 1410 3521 tantan

186 3557 262 3620 quod
270 3556 398 3608 videntes
410 3557 588 3608 mirabantur
599 3558 628 3609 et
647 3557 753 3608 flebant
769 3558 798 3608 et
816 3555 1060 3621 compatiebantur
1077 3566 1177 3606 eorum
1193 3550 1311 3616 labori3
1327 3552 1359 3604 et
1374 3549 1410 3602 sio

186 3638 330 3689 iaciebant
337 3638 367 3690 in
379 3640 504 3691 secunda
514 3641 544 3690 et
555 3641 584 3690 in
594 3639 681 3691 tertia
698 3640 769 3701 vice,
779 3639 942 3691 cantoribus
954 3637 985 3688 in
1001 3636 1094 3689 medio
1112 3633 1212 3687 circuli
1224 3633 1410 3702 crantibus,

186 3721 217 3772 in
230 3721 332 3784 quibus
344 3723 426 3773 erant
437 3722 522 3774 duces
541 3735 649 3784 eorum,
663 3723 754 3773 curati
767 3721 876 3773 scilicet
886 3722 936 3772 aut
947 3718 1076 3786 religiosi
1088 3717 1282 3770 mendicantes
1292 3714 1411 3782 religio-

187 3817 255 3855 num
275 3804 459 3855 diversarum.
480 3804 574 3856 Factis
595 3805 691 3856 eutem
702 3802 816 3856 circulis
833 3806 862 3856 et
873 3802 1075 3856 afflictionibus
1092 3801 1151 3852 suis
1162 3799 1371 3865 prosternendo
1386 3797 1414 3852 et

185 3886 373 3947 verberando,
403 3886 485 3938 linita
504 3886 659 3949 cantilena,
677 3899 775 3938 omnes
794 3899 890 3952 genua
910 3885 1071 3946 flectebant,
1097 3884 1127 3935 et
1147 3896 1221 3934 unus
1243 3880 1412 3949 reliogioms

184 3967 309 4020 iaciebat
329 3969 592 4021 commendationes
611 3971 641 4022 et
661 3970 815 4030 orationes,
835 3969 909 4020 sicut
920 3968 953 4018 nt
970 3968 1000 4018 in
1017 3965 1155 4026 ecclesiis,
1167 3964 1197 4016 in
1216 3963 1369 4016 mesenus
1385 3964 1414 4015 et

186 4050 217 4102 in
229 4050 286 4103 dne
295 4063 475 4115 sermonum3
488 4053 518 4103 et
528 4052 636 4103 tamdiu
649 4053 731 4103 erant
743 4051 823 4102 tlexis
835 4050 974 4118 genubus,
986 4061 1132 4113 quousque
1144 4047 1206 4112 ipse
1216 4046 1333 4098 linierat
1340 4057 1413 4098 com·

184 4133 379 4185 mandationes
395 4147 461 4185 suas
482 4135 568 4197 etque
590 4134 843 4199 praesentientes
855 4132 998 4184 iaciebant
1014 4129 1257 4196 prosternationes
1275 4129 1307 4181 ei
1323 4127 1415 4182 anso·

184 4216 285 4277 tiones,
296 4215 371 4280 quod
384 4215 546 4281 piissimum
561 4217 624 4268 crat
637 4217 667 4267 et
685 4215 824 4267 horribile
835 4215 932 4266 videre
949 4212 1137 4279 presentibus.
1156 4210 1266 4272 Quibus
1281 4211 1416 4279 pmactis,

185 4299 341 4364 surgebant
351 4300 381 4350 et
392 4299 538 4351 cantando
550 4299 586 4350 de
604 4299 689 4350 beate
699 4298 818 4365 Virgine
825 4298 907 4363 iuxta
916 4309 998 4348 suum
1010 4295 1134 4361 ydioma,
1146 4294 1226 4348 ibent
1235 4295 1274 4347 ad
1284 4307 1318 4347 se
1326 4306 1418 4348 revee-

184 4382 322 4433 tiendum.
336 4380 374 4433 Et
385 4381 508 4446 pluries,
520 4382 673 4445 antequam
690 4381 903 4442 revestirentur,
921 4379 987 4431 ente
1006 4379 1169 4444 ymaginem
1186 4377 1270 4430 beate
1288 4376 1419 4445 Virginis

185 4464 215 4515 in
237 4464 333 4528 aliquo
356 4463 419 4515 loco
444 4467 559 4516 cantum
579 4477 662 4515 suum
675 4464 818 4516 liniebant.
834 4463 894 4515 Nec
912 4464 957 4514 est
972 4460 1204 4527 pretereundum,
1226 4459 1304 4524 quod
1320 4459 1420 4526 alique

185 4549 344 4610 societates,
363 4563 421 4602 uua
432 4548 496 4616 plus
512 4560 599 4616 quam
620 4546 687 4612 alia,
707 4547 874 4601 afflictiones
891 4547 1018 4600 diverm
1035 4544 1189 4598 iaciebant.
1207 4541 1245 4597 llt
1260 4542 1419 4610 praedicas
