3188 5340
584 112 689 168 addo
713 112 776 165 1417
1242 111 1291 178 201

56 283 159 349 ipsum
182 296 247 336 oum
266 281 353 335 certis
375 279 582 335 divinatoribus
607 280 644 334 ad
665 279 828 334 iaciendum
850 291 951 335 eorum
979 278 1174 336 damnationes
1201 279 1292 335 tuisse

57 367 227 432 presentem
235 366 368 432 ipsosque
379 365 554 418 divinatores
565 363 720 417 associasse
729 363 759 415 et
770 363 812 415 eis
821 363 851 415 in
860 377 913 416 sua
928 363 991 416 arte
1002 362 1153 428 nephanda
1164 363 1292 416 levorem

57 449 213 515 prebuisse
229 447 371 511 illicitum,
390 448 560 501 sententiam
580 446 953 512 excommunicationisipso
974 447 1049 498 lacto
1071 445 1292 512 dampnabiliter

58 532 236 585 incurrendo
253 533 283 585 et
293 531 364 585 alias
372 531 541 598 gravimme
549 528 755 594 delinquendo;
767 530 921 593 auditaque
932 530 1002 581 dicti
1012 529 1109 582 clerici
1121 531 1157 581 de
1167 530 1197 581 et
1205 542 1291 594 super

59 616 211 681 premissis
228 615 406 667 contessiona
417 615 575 679 spontanea
584 627 680 676 coram
690 612 772 664 nobis
783 613 959 678 judicialiter
967 615 1044 666 iacta
1052 615 1169 679 ipsaque
1181 616 1292 667 attenta

60 696 129 749 aliis
141 697 218 750 circa
229 696 283 748 hoc
292 698 482 759 attendendis,
492 711 544 748 nos
555 698 585 748 et
596 697 722 748 animum
732 698 861 747 nostrum
870 697 906 748 ad
915 695 970 748 hoe
982 698 1090 762 dejure
1101 697 1289 760 moventibus,

60 779 220 846 diligenter
239 780 441 845 consideratis3
460 781 496 832 ad
516 779 751 844 supplicationem
769 780 827 831 tam
846 780 1019 843 promotoris
1036 793 1185 834 caumrum
1203 780 1292 831 officii

60 863 145 914 curie
156 864 253 915 nostre
261 862 389 927 predicte
399 876 484 926 quam
492 862 561 914 dicti
571 861 669 912 clerici
681 862 725 913 rei
735 875 831 913 coram
843 862 925 913 nobis
936 864 1090 927 propterea
1100 862 1292 927 personaliter

61 943 289 1008 comparentium
306 957 393 1009 super
401 943 456 996 hoo
473 945 554 996 nobis
571 943 720 997 humiliter
731 946 845 1007 iactam,
858 959 911 996 nos
923 947 1075 1011 eapropter
1095 945 1124 995 iu
1135 945 1242 1009 jndicio
1255 945 1291 997 ad

58 1027 130 1091 jnra
152 1026 329 1078 reddendum
348 1039 401 1090 pro
425 1026 561 1078 tribunali
578 1028 718 1088 sedentes,
743 1026 881 1079 habentes
901 1026 994 1078 solum
1017 1028 1108 1079 Deum
1130 1040 1182 1092 pre
1201 1026 1291 1079 oculis

61 1110 184 1173 ejusque
202 1110 316 1160 nomine
333 1109 468 1174 primitus
478 1109 608 1162 invocato
621 1110 819 1175 promissoque
838 1111 917 1174 priua
935 1123 988 1174 per
1007 1111 1114 1161 dictum
1135 1122 1218 1162 reum
1238 1111 1291 1162 sub

60 1191 147 1256 penis
162 1192 235 1257 juris
246 1205 279 1242 ec
289 1191 347 1244 ilde
359 1194 389 1244 et
399 1193 560 1258 juramento
571 1193 630 1244 suis
648 1194 766 1259 propter
777 1191 832 1244 hoo
843 1193 879 1244 ab
891 1193 992 1245 eodem
1002 1192 1033 1242 ln
1044 1191 1174 1243 manibus
1185 1192 1291 1244 nostris

60 1273 231 1326 solemniter
247 1275 277 1326 et
294 1273 484 1340 corporaliter
503 1275 641 1339 prestitis,
655 1275 729 1339 quod
748 1287 891 1338 nunquam
914 1275 943 1324 in
961 1275 1073 1326 reatum
1092 1275 1292 1340 prenarratum

61 1357 214 1421 reincidat,
224 1358 270 1422 jus
281 1359 312 1409 et
322 1358 469 1409 decretum
486 1358 614 1408 noenum
623 1357 682 1409 sive
694 1358 819 1409 noanam
832 1357 1010 1408 diffinitivam
1028 1357 1198 1409 sententiam
1210 1357 1245 1408 de
1263 1357 1293 1409 et

61 1453 152 1505 super
167 1440 314 1503 premissis
325 1440 449 1491 diximus
460 1440 490 1491 et
506 1438 687 1504 protulimus,
699 1439 877 1503 dicimusque
887 1439 918 1492 et
934 1439 1107 1504 proterimus
1123 1438 1154 1490 in
1165 1437 1290 1505 seriptis,

62 1521 93 1572 in
102 1520 180 1572 hunc
191 1524 320 1574 modum:

95 1603 132 1656 In
152 1604 205 1656 Dei
226 1607 352 1672 nomine,
374 1620 468 1659 amen.
490 1606 629 1668 Quoniam
650 1608 709 1659 tam
729 1620 781 1673 per
803 1608 989 1672 spontaneam
1009 1606 1217 1658 contessionem
1236 1605 1290 1669 tui,

60 1684 210 1739 Richarde
219 1689 257 1739 du
266 1688 407 1753 crocquet
415 1689 529 1752 clerice,
537 1703 633 1742 coram
645 1690 727 1741 uobis
735 1689 910 1755 judicialiter
918 1691 1023 1741 iactam
1033 1702 1117 1753 quam
1129 1687 1199 1740 alias
1208 1688 1290 1740 nobis

61 1767 195 1836 legitime
217 1772 345 1823 constitit
363 1773 450 1836 atque
473 1775 592 1837 constat,
610 1774 639 1823 ta
656 1786 720 1825 cum
743 1772 829 1824 certis
851 1773 1055 1824 divinatoribus
1076 1772 1110 1823 ad
1128 1772 1290 1823 iaciendum

60 1865 165 1904 eorum
182 1854 370 1907 divinmiones
386 1856 476 1908 luisse
495 1857 657 1922 presentem
669 1857 803 1920 ipsosque
814 1856 988 1908 divinatores
1000 1855 1154 1908 associasse
1166 1854 1248 1906 ateis
1260 1855 1290 1904 in

61 1949 116 1987 sua
127 1938 191 1988 arte
203 1936 354 2002 nephanda
362 1939 490 1991 savorem
502 1938 650 2004 prebuisse
659 1939 802 2002 illicitum,
809 1938 979 1991 sententiam
993 1936 1294 1989 excommunicationis

62 2018 286 2084 dampnabiliter
307 2021 492 2084 incurrendo,
513 2021 620 2073 idcirco
643 2021 760 2073 attentis
780 2022 847 2073 cont
865 2021 952 2073 'tione
972 2022 1022 2072 tua
1041 2020 1076 2071 dc
1096 2018 1243 2084 premissis
1262 2017 1293 2070 et

62 2101 153 2154 etiam
172 2101 254 2166 penis
274 2103 398 2155 carceris
416 2116 449 2154 ao
472 2102 537 2154 allis
558 2117 628 2166 quas
651 2105 804 2169 propterea
821 2103 869 2155 diu
888 2103 1032 2168 patienter
1050 2100 1219 2162 sustinuisti,
1240 2113 1293 2150 uos

61 2181 194 2235 volentes
205 2184 296 2250 rigori
312 2184 537 2239 misericordiam
548 2188 688 2252 preferre,
701 2184 798 2238 habita
815 2187 894 2252 prius
903 2199 956 2251 per
975 2199 1027 2236 nos
1038 2184 1074 2236 de
1086 2184 1115 2236 et
1126 2196 1213 2248 super
1228 2195 1293 2248 pre·

61 2265 283 2320 missismmura
294 2268 500 2322 deliberatione
513 2284 577 2322 eum
594 2269 752 2322 venerabili
764 2272 792 2322 et
809 2269 946 2336 religioso
966 2269 1028 2332 viro
1045 2268 1183 2334 magistro
1204 2267 1293 2319 Petro

62 2347 182 2410 Floure,
206 2349 312 2400 ordinis
334 2351 456 2402 hatrmn
472 2353 693 2417 predicatorum,
714 2366 794 2404 sacre
817 2351 962 2418 theologie
979 2352 1151 2416 professore,
1175 2348 1293 2413 inquisi-

61 2432 129 2482 tore
146 2428 274 2483 heretioe
291 2433 440 2496 pravitatis
465 2448 517 2500 per
540 2435 631 2486 totum
648 2448 769 2500 regnum
789 2434 909 2486 Francia
932 2433 1077 2499 deputato,
1096 2431 1293 2497 promissoque
1333 2446 1337 2454 ’

61 2524 117 2577 per
133 2511 164 2564 te
175 2512 229 2563 sub
247 2515 295 2564 tuo
312 2516 433 2568 solemni
452 2517 615 2581 juramento
627 2518 657 2567 et
674 2530 727 2582 per
749 2530 800 2567 nos
819 2517 872 2567 tibi
888 2516 1017 2581 injuncto
1042 2514 1094 2566 sub
1111 2514 1192 2579 penis
1208 2512 1294 2577 juris,

63 2595 144 2659 quod
159 2596 191 2648 iu
207 2597 320 2649 reatum
337 2598 500 2664 hujusmodi
513 2613 658 2663 nunquam
676 2600 826 2662 reincides,
840 2601 868 2651 te
885 2597 1058 2651 asententia
1068 2595 1294 2650 excommunica·

62 2678 163 2741 tionis,
190 2689 276 2742 quam
293 2683 411 2746 propter
429 2681 484 2734 hoc
507 2684 665 2745 incurristi,
685 2683 855 2735 absolvimus
881 2684 911 2735 in
931 2682 986 2734 hiis
1009 2682 1131 2746 scriptis,
1153 2681 1293 2746 teipsum

64 2760 270 2814 nichilominus
287 2763 323 2814 ad
334 2762 389 2816 hcc
400 2765 475 2828 quod
486 2766 516 2817 in
536 2764 677 2817 honorem
689 2766 753 2828 Dei,
770 2767 852 2818 beate
875 2766 966 2817 Maria
982 2764 1102 2831 virginis
1113 2765 1143 2816 et
1154 2763 1294 2815 remissio·

64 2854 134 2896 nam
156 2846 271 2897 tuorum
290 2848 485 2911 peccaminum
506 2847 608 2900 limina
628 2848 748 2900 ecclesie
770 2848 853 2901 beate
875 2848 967 2902 biarie
986 2849 1022 2900 de
1044 2848 1137 2898 Busco
1156 2846 1243 2900 Ducis
1262 2847 1293 2896 in

64 2925 224 2978 Brabantia
233 2941 356 2995 peregre
367 2932 396 2980 et
407 2929 598 2995 personaliter
609 2931 707 2982 visites
724 2931 832 2983 etitem
844 2945 899 2994 quo
913 2931 949 2982 ad
964 2929 1019 2981 hoc
1031 2931 1108 2981 inira
1116 2930 1200 2981 unius
1212 2941 1290 2980 men·

64 3009 105 3060 sis
117 3010 241 3074 spatium
256 3024 368 3064 exnunc
376 3012 540 3065 immediate
552 3014 707 3066 affuturum
716 3014 847 3080 arripias,
859 3013 970 3066 litteras
981 3012 1187 3064 testimoniales
1204 3025 1290 3077 super

64 3093 231 3159 hujusmodi
242 3094 337 3160 viagio
361 3094 585 3160 debiteperacto
607 3097 688 3148 nobis
708 3097 890 3163 reportando,
911 3094 1122 3148 sententialiter
1138 3096 1168 3147 in
1185 3096 1291 3148 eisdem

65 3177 181 3242 scriptis
193 3178 440 3243 condempnantes.
1327 3187 1330 3194 '

99 3260 137 3312 Et
149 3259 205 3311 hiis
216 3260 408 3312 mediantibus
424 3262 454 3313 te
474 3275 491 3313 a
510 3262 645 3327 prisoniis
662 3263 742 3315 curie
762 3263 858 3315 nosue
875 3262 1003 3328 predicte
1022 3262 1177 3314 liberamus
1199 3275 1233 3313 ac
1255 3261 1291 3313 de

64 3343 213 3408 premissis
224 3344 357 3408 punitum
368 3347 398 3396 et
417 3346 577 3396 correctum
588 3345 669 3397 abire
680 3346 881 3411 permittimus,
898 3347 1039 3410 potestate
1052 3346 1133 3397 nobis
1146 3346 1175 3397 et
1187 3344 1292 3395 nostris

64 3426 278 3478 successoribus
289 3425 452 3491 hujusmodi
472 3429 597 3479 nostram
614 3429 784 3480 sententiam
807 3429 967 3494 mitigandi,
987 3429 1125 3490 mutandi,
1142 3427 1291 3479 relaxandi

64 3508 112 3561 vel
125 3508 196 3561 alias
207 3510 237 3560 in
249 3510 310 3562 toto
321 3508 366 3562 vel
378 3511 408 3561 in
420 3511 501 3575 parte
512 3512 676 3563 remittendi
693 3510 857 3578 specialiter
868 3513 1022 3574 reservata,
1034 3511 1198 3562 mandantes
1210 3509 1290 3561 vobis

64 3593 199 3644 omnibus
209 3593 239 3645 et
255 3591 376 3659 singulis
387 3594 563 3658 preshyteris
579 3596 610 3644 et
625 3594 780 3659 capellanis
800 3594 923 3646 civitatis
935 3596 964 3646 et
978 3594 1099 3645 diocesis
1115 3593 1289 3657 notariisque

63 3675 98 3727 et
109 3673 319 3739 apparitoribus
331 3674 406 3726 dicte
416 3676 513 3726 nostre
526 3675 604 3727 curie
623 3676 821 3739 Tornaoensis,
839 3678 978 3739 quatenus
993 3677 1132 3742 premissa
1148 3676 1244 3727 omnia
1260 3676 1290 3726 et

63 3756 314 3825 singulalegatis,
343 3757 504 3824 publicetis,
532 3759 683 3811 insinuetis
707 3762 735 3812 et
758 3760 914 3826 diligenter
937 3760 1070 3812 intimare
1088 3760 1204 3822 curetis,
1228 3758 1290 3822 ubi,

62 3841 180 3904 quando
198 3853 232 3891 ac
251 3840 360 3893 tociens
383 3843 519 3906 quociens
539 3856 625 3908 super
647 3842 701 3895 hec
721 3844 833 3896 tueritis
853 3842 982 3907 requisiti
1002 3856 1053 3894 seu
1075 3845 1201 3894 vestrum
1218 3841 1293 3894 alter

61 3923 156 3976 tuerit
173 3923 339 3988 requisitus,
358 3923 521 3976 inhibentes
533 3925 661 3978 districte
672 3927 842 3978 auctoritate
854 3927 951 3977 nostra
963 3925 1109 3977 ordinaria
1119 3927 1251 3977 omnihus
1263 3926 1292 3978 et

61 4003 190 4072 singulis
202 4006 324 4057 dominis
335 4006 549 4072 temporalibus,
567 4008 689 4071 ballivis,
706 4007 880 4072 subballivis,
895 4007 1057 4074 prepositis
1074 4009 1186 4072 juratis,
1199 4009 1290 4060 scahi-

59 4089 112 4140 nis
121 4090 151 4141 et
161 4086 318 4155 laycalibus
328 4090 496 4154 jnsticiariis
509 4105 542 4143 ac
554 4089 619 4141 aliis
636 4090 859 4154 quibuscumque
876 4091 912 4141 de
925 4090 954 4141 et
965 4102 1050 4154 super
1062 4090 1165 4153 quibus
1176 4089 1289 4142 fueritis

59 4167 209 4234 requisiti,
218 4171 270 4223 sub
286 4184 361 4238 pena
371 4172 672 4226 excommunicationis
693 4173 827 4240 omnique
847 4171 905 4226 alia
924 4185 999 4241 pena
1017 4173 1199 4227 canonicaac
1215 4185 1290 4243 pena
