3256 5324
266 111 316 162 210
785 108 888 162 ANNO
907 109 971 160 1418

266 276 446 340 imponimus,
466 277 495 325 vt
512 274 636 326 inclusus
656 288 708 338 per
724 274 795 325 duos
812 286 900 325 anuos
918 272 1068 324 continuos
1087 272 1116 322 in
1145 272 1289 324 conuentu
1312 270 1448 332 Meteusi,
1467 271 1495 322 in

265 359 402 411 domosui
412 359 529 419 ordinis,
540 358 719 409 cuiustotum
737 356 873 407 ambitum
891 355 943 406 sibi
960 369 1012 420 pro
1025 354 1187 407 carceribus
1207 355 1401 422 assignamus,
1418 353 1458 405 sit
1467 356 1496 406 et

264 439 640 503 remaneat,interdictasibi
650 439 727 491 omni
736 437 929 490 collocucione
939 439 968 489 et
977 436 1238 489 communicacioue
1246 449 1494 502 quorumcumque

264 521 402 573 laicorum
413 522 465 573 sub
485 522 566 587 penis
583 520 728 586 predictis,
741 535 810 585 quas
829 521 891 585 ipso
903 520 978 571 facto
990 519 1128 581 incurrat,
1147 520 1172 571 si
1189 532 1246 571 uon
1259 519 1435 583 seruauerit,
1456 518 1492 570 ad
1607 570 1625 593 „

263 604 456 670 peragendam
477 617 528 668 pro
552 602 708 654 commissis
731 616 783 666 per
800 616 831 654 se
848 601 1010 666 hujusmodi
1032 601 1220 666 penitentiam
1231 601 1371 653 centiimo
1392 600 1494 652 debeat
1554 625 1628 677 &a

263 687 490 752 remanere,ipsa
500 687 616 738 iuterim
625 686 756 737 deflendo
768 700 820 750 per
833 699 862 736 se
875 685 1035 746 commissa,
1046 685 1075 734 vt
1084 685 1245 749 prefertur,
1258 684 1450 736 decernentes
1461 695 1493 733 ac
1549 714 1625 757 α

264 771 352 822 etiem
372 770 568 831 concedentes,
581 771 610 820 et
630 770 741 833 prefata
758 769 927 820 auctoritate
947 767 1124 833 iniungimus
1135 767 1267 819 omuibus
1279 765 1492 828 ecclesiasticis,
1543 803 1619 850 ,ἦ

263 853 382 916 prelatis
399 867 432 903 ac
444 853 531 904 etiam
542 852 765 915 quibuscumque
778 849 841 914 alijs
857 849 1072 913 iuridictionem
1084 847 1309 901 ecclesiasticam
1320 847 1493 900 habentibus
1530 872 1617 917 Q,

263 935 325 986 siue
342 926 552 999 exercentibus,
563 937 592 985 et
603 948 702 985 eorum
715 933 833 984 cuilibet
845 933 874 983 in
887 931 1018 993 solidum,
1032 932 1062 981 in
1082 944 1204 994 quorum
1220 929 1438 995 juridictionem
1448 927 1492 980 vel
1528 937 1616 997 [εἰ

263 1017 423 1069 districtum
435 1017 588 1082 contigerit
605 1030 670 1068 eum
682 1016 834 1079 repperiri,
847 1014 961 1078 plenam
979 1017 1008 1064 et
1025 1013 1146 1064 liberam
1159 1010 1335 1074 facultatem,
1355 1013 1381 1064 si
1399 1013 1491 1077 ipsum
1519 1036 1615 1078 111

262 1101 364 1159 centra
371 1100 510 1164 premissa
521 1100 570 1151 aut
582 1112 681 1150 eorum
693 1097 818 1161 aliquod,
830 1097 904 1160 quod
917 1096 993 1147 Deus
1014 1096 1135 1156 auertat,
1149 1094 1304 1160 eontigerit
1323 1094 1492 1159 attemptari
1510 1100 1616 1159 1-31

262 1181 306 1233 vel
320 1196 375 1233 nou
385 1181 552 1245 adimplere,
562 1181 730 1232 auctoritate
753 1182 850 1230 nostra
870 1180 899 1230 et
917 1193 972 1243 qua
994 1177 1142 1242 fungimur
1159 1177 1279 1241 puniant
1298 1177 1329 1229 et
1346 1175 1491 1243 predictas
1507 1196 1618 1240 Q

259 1266 386 1329 penaset
397 1277 588 1328 quascumque
600 1262 671 1314 alias
691 1262 834 1327 infligant,
854 1262 935 1325 Juxta
955 1259 1106 1311 canonicas
1124 1259 1295 1321 sanctiones,
1308 1270 1488 1323 quecumque
1512 1277 1617 1320 ΘΒ

261 1346 441 1410 exemptione
453 1345 496 1396 vel
510 1344 663 1409 priuilegio
676 1357 732 1393 non
745 1343 885 1393 obstante.

293 1452 306 1474 n
319 1429 400 1480 Hanc
420 1431 515 1480 autem
541 1430 667 1477 nostram
695 1426 865 1476 sententiam
894 1438 959 1476 cum
981 1425 1139 1477 insertione
1167 1423 1356 1476 articulorum
1379 1438 1570 1480 neonem
1579 1446 1623 1484 ou

259 1509 558 1571 anathematizacione,
575 1509 768 1560 detestacione
781 1511 810 1558 et
821 1508 1009 1558 reuocacione
1022 1509 1210 1572 prefatorum,
1224 1507 1276 1558 sub
1288 1506 1369 1558 bulla
1382 1506 1624 1566 domimini

260 1594 350 1645 nostri
359 1607 431 1658 pape
443 1594 575 1657 expedita
584 1593 614 1642 in
626 1591 789 1643 ciuitatibus
802 1594 831 1641 et
842 1590 1001 1642 diocesibus
1020 1592 1201 1654 supradictis,
1215 1592 1245 1641 et
1256 1590 1346 1642 etiam
1358 1589 1431 1641 alibi
1443 1590 1540 1642 vbii
1546 1597 1622 1647 di

260 1676 424 1739 expediens,
434 1691 467 1726 ac
479 1675 583 1725 totiens
595 1675 725 1737 quotiens
738 1675 909 1736 oportunum
917 1672 1014 1732 fuerit,
1027 1686 1124 1723 coram
1136 1672 1244 1723 eisdem
1254 1669 1332 1722 clero
1344 1672 1375 1722 et
1383 1671 1559 1735 populeo
1573 1677 1620 1730 10

260 1757 389 1808 volumus
400 1760 429 1808 et
441 1757 606 1808 mandamus
619 1756 705 1807 etiam
718 1755 874 1806 solenniter
891 1754 1031 1819 publicari
1042 1770 1049 1818 ;
1070 1755 1147 1818 ipsos
1160 1753 1297 1805 articulos
1308 1766 1451 1805 erroneos
1463 1758 1537 1805 eta
1546 1767 1616 1810 et

259 1838 401 1890 hereticos
420 1839 548 1903 aliosque
560 1853 612 1903 per
623 1839 716 1902 ipsum
734 1839 948 1903 dogmattzatm,
962 1838 1083 1887 inferius
1103 1837 1195 1888 eciam
1214 1837 1385 1901 descriptos,
1404 1837 1540 1900 prout&
1557 1845 1615 1893 nt

258 1921 312 1973 hoc
324 1922 397 1973 vltro
411 1923 492 1986 petljt
505 1923 577 1982 fieri,
590 1923 619 1971 in
638 1921 701 1971 loco
714 1920 827 1985 publice
849 1919 1060 1970 Constantiensi
1079 1920 1108 1969 iu
1122 1920 1346 1971 detestacionem
1359 1919 1561 1972 criminisa
1567 1926 1605 1977 ξε

260 2007 322 2057 fore
342 2005 539 2056 conburendos
559 2006 588 2056 et
608 2005 695 2055 etiam
715 2004 936 2053 concremandos
961 2003 1156 2054 decernentes
1182 2003 1211 2054 Si
1232 2015 1300 2053 vero
1322 2001 1608 2057 anathema—..

260 2088 422 2139 tizationem
431 2090 461 2138 et
470 2088 681 2138 reuocationem
694 2086 855 2136 huiusmodi
865 2087 1042 2137 recusauerit
1051 2086 1094 2137 vel
1109 2100 1171 2137 eam
1181 2086 1345 2152 neglexerit
1357 2090 1388 2138 et
1397 2088 1597 2151 quoadfl

259 2168 313 2220 hoc
332 2168 400 2220 huic
419 2171 515 2220 nostre
527 2171 668 2220 sententie
680 2183 782 2234 parere
800 2169 1017 2235 subterfugerit,
1033 2169 1126 2232 ipsum
1147 2171 1291 2232 tamquam
1309 2169 1567 2234 pertinacem—

260 2249 418 2303 bereticum
428 2251 578 2302 actualiter
587 2252 801 2316 degradandum
810 2253 839 2302 et
848 2252 1009 2303 exuendum
1021 2251 1050 2300 in
1063 2252 1156 2303 forma
1167 2250 1288 2302 ecclesie
1298 2251 1378 2303 omui
1388 2252 1533 2305 ordina

259 2335 288 2384 et
297 2334 388 2399 gradu
398 2333 589 2384 ecclesiastico
599 2347 632 2383 ac
644 2333 760 2384 brachio
774 2333 894 2397 secularj
909 2333 1127 2397 relinquendum
1140 2335 1202 2385 fore
1215 2333 1408 2386 declaramus.
1420 2357 1434 2380 η

292 2403 353 2476 Qua
364 2417 506 2468 sententia
523 2416 605 2476 lectu,
616 2417 813 2479 pronunciata,
826 2416 938 2480 prolata
947 2419 976 2467 et
986 2415 1176 2481 promulgata,
1186 2419 1215 2467 vt
1227 2419 1330 2480 fertur,
1341 2416 1498 2482 predictus

259 2499 396 2566 magister
405 2498 540 2550 Nicolaus
550 2499 704 2562 Serrurarij
719 2499 791 2551 dixit
802 2501 888 2550 verba
897 2501 1046 2563 sequentia
1056 2500 1085 2551 in
1095 2501 1212 2552 effectu:

293 2603 305 2624 a
315 2582 388 2642 Quia
399 2595 434 2633 ex
444 2581 620 2644 depositione
632 2582 748 2632 testium
765 2595 851 2645 super
863 2582 991 2633 articulis
1009 2583 1091 2633 lectis
1103 2583 1308 2646 productorum
1320 2595 1396 2644 sum,
1411 2583 1442 2633 vt
1455 2595 1493 2635 ex

259 2667 358 2715 tenore
375 2677 523 2728 processus
540 2664 667 2727 apparet,
682 2665 835 2726 convictus,
848 2665 912 2715 ideo
931 2665 1045 2716 eosdem
1063 2665 1201 2716 articulos
1212 2679 1328 2728 reuoco,
1348 2665 1488 2729 promitte

257 2747 287 2797 et
296 2747 371 2810 juro,
384 2746 590 2797 anathematizo
603 2749 632 2813 et
643 2745 778 2807 detestor,
792 2748 877 2810 prout
895 2760 940 2798 me
957 2747 1048 2798 obtuli
1060 2748 1203 2798 facturum
1215 2749 1244 2798 et
1255 2748 1400 2799 admissus
1412 2761 1485 2809 sum,

258 2830 493 2892 quemadmodum
507 2831 536 2879 in
548 2829 689 2881 sententia
700 2830 893 2881 continetur.»

189 2940 192 2953 ‹
289 2911 369 2963 Tunc
395 2925 510 2963 manum
533 2912 703 2977 imponendo
731 2924 818 2976 supra
839 2913 990 2975 quemdam
1013 2912 1118 2964 librum
1141 2914 1203 2966 siue
1229 2913 1410 2965 breuiarium
1432 2914 1485 2966 sibi

256 2996 450 3059 presentatum
469 2997 499 3044 et
508 2993 633 3044 oblatum
649 3008 701 3057 per
712 2994 905 3045 venerabilem
922 2997 1033 3059 patrem
1045 2997 1191 3047 dominum
1203 2996 1323 3048 Petrum
1336 2997 1373 3047 de
1392 2996 1483 3059 Bene,

255 3077 420 3142 generalem
440 3077 547 3128 ordinis
556 3077 795 3142 augustiniensis,
809 3079 838 3127 et
849 3091 902 3140 per
913 3079 1043 3129 eumdem
1056 3092 1089 3129 ac
1106 3079 1255 3130 sacristam
1267 3078 1483 3141 Viuariensem,

256 3160 323 3210 dum
335 3173 434 3211 manus
446 3159 569 3224 ponebat
580 3174 665 3224 supra
676 3173 751 3220 eum,
764 3162 952 3212 sustentatum
963 3176 970 3224 3
988 3164 1017 3212 et
1029 3161 1131 3212 deinde
1140 3161 1286 3213 subiunxit
1298 3175 1349 3213 ore
1362 3162 1484 3226 proprio

253 3239 331 3292 idem
339 3241 476 3307 magister
488 3241 711 3304 Nicolaus,quod
724 3243 829 3294 dictam
837 3245 1108 3309 senteutiam‚prout
1120 3245 1179 3295 lata
1189 3246 1293 3306 fuerat,
1304 3246 1487 3310 acceptabat,

254 3322 421 3374 admittebat
436 3327 465 3375 et
482 3324 524 3374 illi
542 3324 748 3387 acquiescebat,
761 3339 919 3388 parereque
929 3329 958 3377 et
975 3327 1091 3379 obedire
1101 3343 1132 3378 se
1152 3328 1292 3379 offerebat
1302 3341 1376 3392 puro
1389 3329 1482 3381 corde

254 3406 284 3457 et
293 3406 404 3458 sincera
412 3408 518 3459 mente.

285 3489 380 3540 'l'euor
388 3503 455 3541 vero
465 3490 606 3540 dictorum
614 3490 801 3542 articulorum
813 3493 873 3543 siue
886 3493 995 3556 cedule,
1008 3495 1159 3559 dequibus
1172 3507 1260 3559 supra
1271 3493 1304 3544 ut
1314 3493 1437 3557 mentio,
1450 3495 1488 3548 de

253 3573 338 3624 verbo
349 3573 384 3624 ad
396 3573 513 3624 verbum
526 3575 654 3636 sequitur
663 3576 692 3625 et
703 3576 747 3625 est
761 3574 826 3625 talis
841 3591 848 3625 :

286 3653 464 3714 auciacum
474 3656 668 3707 Samaritanus
677 3657 860 3722 euangelicus
870 3658 946 3709 clero
957 3661 1124 3727 euangelica
1134 3676 1185 3725 pro
1196 3656 1325 3715 fidelium
1337 3662 1488 3728 regimine

251 3750 308 3787 non
320 3736 411 3787 solum
423 3738 569 3801 utriusque
580 3739 743 3790 testamenti
755 3741 897 3797 denarios,
912 3756 1009 3792 verum
1026 3744 1144 3808 iusuper
1155 3745 1364 3809 plenitudinem
1382 3747 1485 3809 potes·

252 3819 317 3869 tatis
329 3819 482 3870 contulerit
493 3822 717 3887 supererogandi
734 3823 763 3872 ct
775 3823 897 3886 desuper
909 3825 1047 3889 condendj
1061 3827 1187 3878 medelas
1200 3827 1441 3880 constitutionum
1453 3830 1487 3880 et

251 3913 390 3952 canonum
412 3916 499 3965 vsque
519 3903 554 3953 ad
575 3905 850 3956 consummacionem
870 3906 958 3957 seculi
979 3911 1008 3958 et
1028 3909 1184 3962 innouandi
1204 3911 1337 3976 quotiens
1357 3911 1487 3977 expedit

250 3984 368 4046 propter
376 3985 592 4037 insolentiarum
602 3988 801 4052 emergentias,
813 3988 914 4050 quibus
926 3991 1032 4042 assolet
1041 3991 1206 4046 habundare
1216 3994 1342 4058 inquitas
1353 3995 1382 4046 et
1395 3995 1486 4046 refri-

249 4078 366 4130 gescere
394 4068 498 4118 caritas
526 4068 713 4130 subditorum,
736 4083 789 4121 nee
809 4073 926 4134 propter
944 4074 1149 4136 presidentium
1170 4077 1393 4141 deformitatem,
1423 4090 1484 4141 qua

249 4145 347 4198 dicunt
355 4150 385 4199 et
396 4162 452 4200 non
464 4149 581 4214 faciunt,
593 4151 681 4205 licere
692 4153 811 4204 subditis
823 4155 924 4216 quouis
935 4157 1019 4208 modo
1037 4171 1201 4227 repugnare
1212 4161 1333 4226 prefatis
1345 4161 1479 4230 legibus,
