3188 5340
578 563 683 620 Anno
702 566 766 620 loto
803 565 808 573 '
1233 574 1279 629 111

354 729 429 784 Over
445 731 499 783 den
511 729 820 797 lironIJ'kschriiver,sie
830 731 866 786 11.
875 732 1009 800 Pirenne,
1020 735 1164 791 teucos
1172 737 1284 806 (dans)

354 812 591 960 ἕᾶῧεῇιῖϋϋίη
609 814 644 865 de
664 812 837 882 Blopropble
845 816 997 880 nationale,
1009 817 1073 871 deel
1086 819 1140 883 x1,
1155 821 1207 874 bls.
1220 823 1283 876 789·

551 1045 602 1112 ss
630 1037 781 1131 (retr).

103 1214 198 1289 1349,
223 1207 378 1297 Bruope.
398 1209 592 1297 Reglement
617 1210 676 1276 der
706 1210 909 1289 Geossleurs.
928 1233 992 1279 asu
1022 1215 1044 1282 't
1077 1217 1280 1286 Doornihsch

55 1311 196 1399 lsupittel
212 1311 293 1378 door
303 1313 527 1398 de'Brugschs
548 1312 741 1379 Gesseleers
763 1313 943 1399 gezonden.
959 1358 999 1372 -
1013 1318 1056 1384 De
1081 1321 1125 1384 35
1139 1321 1280 1387 urtikels

56 1416 192 1505 regelsn
212 1416 254 1482 ds
278 1416 539 1504 vsrplichtingen
565 1417 625 1483 der
645 1415 837 1483 Goeseleers
861 1437 942 1485 voor
963 1419 1004 1485 de
1028 1420 1072 1487 33
1095 1419 1136 1511 Ἰ,
1159 1421 1279 1509 dagon,

55 1518 115 1587 dst
129 1517 171 1585 de
183 1515 423 1604 broedsrschup
438 1520 488 1585 znl
505 1519 622 1587 duren.

88 1630 151 1684 1sts
160 1629 264 1697 regule
274 1629 506 1698 Flagellstorum,
519 1645 603 1696 quem
615 1631 821 1699 Flagellstores
832 1633 868 1686 de
879 1633 984 1700 Brugis
1002 1636 1142 1689 miserunt
1152 1638 1279 1705 capitulo

57 1711 246 1776 'lomacensi
258 1713 325 1766 sede
335 1715 484 1770 recantet.

90 1795 190 1846 Primo
199 1795 296 1848 debite
305 1797 335 1848 et
343 1795 418 1848 mde
426 1797 566 1861 coquints
576 1797 699 1849 restitui.

88 1876 166 1929 Item
173 1878 297 1943 petendu
307 1879 352 1931 est
362 1877 479 1932 licentis
490 1879 525 1930 sb
537 1879 684 1931 uxoribus.

88 1958 165 2012 Item
175 1958 298 2025 quilibet
308 1961 392 2013 debet
403 1962 533 2013 condteri
544 1964 642 2013 ouruto
653 1964 683 2013 et
694 1961 822 2028 recipere
833 1960 982 2016 licenciam
994 1964 1029 2015 nb
1041 1964 1114 2030 ipso.

85 2041 162 2094 Item
173 2042 303 2107 recipere
319 2056 435 2095 crucem
447 2044 482 2096 sb
498 2056 543 2095 eo.

88 2123 174 2186 Item,
183 2126 401 2190 receptacruce,
414 2139 472 2177 non
480 2126 583 2178 debent
595 2127 694 2191 petere
707 2126 886 2180 elemosinas.

89 2205 166 2259 Item
176 2205 298 2271 quilibet
309 2207 432 2260 tumulus
443 2207 527 2260 debet
536 2208 665 2273 recipere
676 2207 825 2262 licenciam
837 2223 854 2262 u
864 2211 1001 2277 megistro
1013 2225 1074 2263 suo.

90 2288 165 2341 Item
174 2288 279 2342 debent
290 2289 396 2343 hebere
408 2292 531 2355 qustuor
542 2292 668 2342 rectores
679 2304 728 2343 seu
740 2293 902 2359 magistros.

90 2371 167 2424 Item
178 2372 284 2425 debent
293 2371 378 2425 simul
391 2373 499 2425 intrare
510 2373 649 2425 ciuitates.

90 2453 177 2517 Item,
190 2456 302 2519 quando
322 2454 429 2508 hebent
448 2454 557 2520 aliquus
579 2468 679 2508 csusss
700 2469 751 2508 seu
773 2457 938 2520 discordias,
951 2459 1086 2522 conqueri
1109 2459 1276 2512 debentsuo

94 2618 169 2671 Item
181 2619 265 2671 ibunt
275 2620 346 2686 bini,
357 2620 416 2672 bini
427 2622 456 2673 et
465 2619 533 2672 biui.

90 2699 167 2752 Item
178 2698 274 2753 nullus
285 2702 411 2767 portabis
422 2715 511 2755 erma.

89 2784 162 2837 Item
171 2784 280 2836 debunt
290 2783 458 2837 elemosinas
470 2784 582 2837 clericis
594 2785 765 2849 pauperibus
773 2785 803 2836 iu
816 2786 947 2837 omnibus
956 2785 1036 2837 locis.

90 2862 167 2920 Item
176 2879 234 2918 non
245 2864 398 2932 loquentur
409 2880 475 2918 oum
488 2866 669 2918 mulieribus.

90 2949 167 3002 Item
176 2949 284 3014 poterit
294 2948 391 3002 senior
402 2948 481 3014 loqui
492 2948 661 3014 hospitissse
672 2947 717 3000 vel
729 2951 791 3016 ejus
802 2950 887 3004 iliae.

89 3029 246 3084 Itemnihil
259 3033 376 3097 possunt
386 3031 544 3097 reciperes
560 3031 743 3087 mulieribus.

90 3112 167 3166 Item
178 3113 209 3164 in
221 3126 319 3165 mense
326 3112 422 3166 nullus
431 3112 557 3178 loquitur
568 3116 683 3181 praeter
691 3115 843 3167 seniorem.

89 3195 175 3258 Item,
183 3196 295 3260 qusndo
306 3196 388 3247 ibunt
396 3196 431 3248 sd
440 3209 511 3261 opus
519 3199 648 3264 neturus,
659 3197 801 3264 deponent
809 3198 901 3249 vestes
912 3200 941 3250 et
951 3196 1052 3263 pelles,
1061 3198 1164 3262 quibus
1180 3211 1277 3250 cruces

60 3281 125 3330 sunt
137 3278 250 3331 edisce.

90 3359 166 3413 Item
175 3373 232 3412 non
243 3359 391 3412 Intrabunt
401 3361 437 3413 sd
448 3359 676 3427 hospitisinvitis
688 3360 856 3428 hospitibus.

91 3442 167 3496 Item
178 3441 274 3494 nullus
282 3442 392 3495 sedebit
403 3443 432 3494 in
441 3456 540 3496 mense
549 3444 611 3495 sine
621 3445 701 3509 jussu
712 3443 842 3510 hospitis.

89 3524 166 3578 Item
174 3524 271 3577 nullus
281 3525 401 3591 recipiet
408 3538 511 3590 equam
522 3525 567 3577 vel
578 3527 789 3592 manutergium
802 3528 855 3578 nisi
864 3527 900 3578 de
911 3528 997 3579 terre.

89 3607 165 3660 Item
175 3610 243 3660 sote
254 3607 456 3660 comestionem
472 3607 593 3673 quilibet
611 3608 687 3660 dicet
706 3609 830 3674 quinque
849 3608 938 3663 Pater
953 3608 1055 3663 Noster
1066 3611 1095 3661 et
1106 3608 1163 3662 Ace
1182 3610 1277 3664 Μανία

59 3690 141 3742 texis
153 3690 276 3757 genibus
287 3691 317 3741 et
328 3691 371 3741 tot
382 3695 456 3756 post.

89 3772 166 3825 Item
176 3769 300 3825 rebelles
308 3772 413 3826 debent
423 3774 530 3839 privari
542 3786 626 3826 cruce
637 3776 666 3828 et
674 3772 776 3839 repelli
788 3787 806 3826 s
816 3775 962 3827 societate.

88 3853 161 3907 Item
169 3853 200 3906 in
209 3866 292 3906 mene
300 3854 395 3906 dicent
406 3856 531 3920 quinque
543 3854 631 3909 Pater
648 3855 750 3909 Noster
766 3857 796 3907 in
808 3857 887 3908 exitu
903 3854 1025 3923 hospicii
1036 3871 1088 3924 pro
1109 3857 1278 3925 hospitibus.

86 3937 162 3990 Item
184 3935 306 4002 quilibet
324 3936 400 3989 dicet
422 3936 510 3991 Pater
520 3938 622 3992 Noster
649 3942 678 3990 et
704 3939 762 4010 Aee
783 3938 879 3992 Morio
907 3939 1070 4003 quindecim
1094 3944 1161 3993 ente
1192 3953 1277 4006 quem

53 4019 172 4082 intrent,
181 4032 234 4085 per
241 4018 316 4070 viem
327 4032 380 4086 pro
392 4020 619 4074 benefactoribus
631 4022 699 4073 suis.
777 4040 780 4044 ·

83 4100 294 4166 Item,qusndo
318 4101 421 4167 uliquis
443 4102 580 4155 invitetur
601 4102 636 4154 sd
655 4102 815 4168 prandium,
836 4116 893 4154 non
910 4103 995 4156 ducet
1013 4103 1176 4156 secumnisi
1188 4116 1272 4168 quem

56 4185 182 4240 soluerit
193 4198 262 4238 suus
273 4187 414 4252 superior.

84 4267 160 4320 Item
173 4264 271 4319 nullus
278 4267 385 4332 jecebit
395 4279 482 4334 super
492 4265 617 4332 plumam
629 4267 684 4319 nisi
694 4270 788 4334 ceput.

82 4349 157 4403 Item
173 4362 231 4402 non
242 4351 360 4401 utentur
371 4349 565 4403 straminibus.

84 4432 160 4485 Item
174 4445 232 4483 non
242 4431 346 4484 debent
357 4431 463 4485 habere
474 4445 561 4497 super
572 4444 603 4484 se
614 4433 722 4484 vestem
731 4431 835 4495 elbam,
845 4445 903 4497 qus
919 4435 1038 4484 utuntur
1056 4433 1086 4484 in
1104 4435 1277 4499 penitencie.

86 4514 162 4567 Item
173 4514 302 4566 infirmos
310 4528 376 4566 suos
396 4528 452 4567 non
463 4514 569 4567 debent
579 4514 723 4568 dimittere
731 4515 762 4565 in
773 4513 870 4580 ulique
888 4514 957 4568 ville
968 4528 1115 4581 perquem
1125 4517 1216 4582 ibunt,
1229 4519 1279 4572 sed

57 4608 157 4652 secum
168 4596 283 4649 ducere.

90 4678 167 4733 item
177 4677 273 4733 nulius
282 4678 440 4748 flagellabit
449 4693 481 4734 se
492 4679 528 4732 sd
536 4680 657 4734 mortem
665 4678 710 4735 vel
721 4680 926 4735 infirmitatem.
