3188 5340
198 541 247 596 ies
710 523 813 591 nuuc
832 535 895 588 reor

91 685 93 689 ,
195 709 260 763 ante
276 703 372 759 secula
393 703 482 756 multa
497 703 626 769 predicta
640 703 706 754 sunt
725 703 783 754 tam
794 712 944 769 grecorum
969 714 1055 766 quam
1071 700 1226 753 latinorum
1243 699 1273 754 et
1290 698 1434 752 aliorum

191 783 326 858 'gencium
346 786 428 839 libris
450 785 598 850 eontinerj.
623 784 716 848 xxxvij
741 784 780 836 di.
802 784 851 849 qui
883 783 925 836 De
943 797 1050 836 meme.
1076 782 1151 836 ilinc
1171 782 1350 849 Augustinus
1376 781 1432 834 al

192 869 415 926 Alexandrinum
431 869 587 934 optimum:
606 866 737 929 Locucio,
751 867 853 932 inquit,
861 866 1025 918 diuinarum
1036 865 1241 932 scripturarum
1252 862 1406 916 secundum

191 953 343 1007 cuiuslibet
366 951 464 1017 lingue
485 950 689 1017 proprietatem
705 948 870 1014 accipienda
890 950 954 1013 est;
973 947 1059 1000 habet
1077 947 1153 1000 enim
1175 947 1294 1012 propria
1318 946 1422 999 omnis-

190 1037 289 1103 lingua
297 1035 475 1087 locucionum
487 1045 594 1099 genera
605 1032 709 1096 xxxviij
723 1031 760 1083 di.
783 1032 905 1084 Locucio
917 1030 1001 1097 palea
1019 1032 1080 1096 est,
1098 1029 1173 1082 unde
1185 1041 1237 1081 nec
1253 1028 1319 1094 J'ure
1332 1027 1422 1082 civili

189 1119 318 1180 interest,
326 1118 421 1169 utrum
433 1116 532 1181 lingua
543 1124 629 1181 greca
644 1113 689 1166 vel
707 1115 800 1179 syrica
811 1113 855 1165 vel
868 1112 926 1165 elia
945 1114 1008 1177 quis
1025 1110 1178 1178 stipuletur
1190 1112 1221 1162 n.
1232 1111 1272 1164 di.
1285 1126 1312 1163 v.
1326 1111 1405 1164 ob.l.

191 1200 214 1252 l.
233 1201 260 1264 §-
272 1199 372 1252 ultimo
384 1197 458 1251 Justi
479 1210 505 1249 e.
515 1197 546 1248 ti.
564 1198 591 1260 ἓ.
617 1195 716 1248 Utrum
734 1202 839 1248 autem.
861 1194 1066 1260 Interpretacio
1079 1194 1154 1246 enim
1176 1193 1342 1260 linguarum
1365 1195 1410 1246 est

188 1281 309 1334 multum
320 1282 464 1333 fructuosa
474 1279 511 1332 ad
522 1280 607 1331 iidem
618 1295 626 1344 ς
639 1279 703 1332 ideo
714 1279 745 1330 in
761 1280 847 1331 certis
859 1278 961 1342 studiis
973 1278 1078 1331 debent
1093 1289 1155 1328 esse
1167 1277 1298 1342 magistri
1309 1275 1441 1329 doeen-

188 1367 232 1418 tes
248 1363 360 1431 linguas
379 1362 559 1428 hebraycam,
577 1362 721 1414 arabicam
733 1364 763 1413 et
779 1360 945 1427 chaldeam3
965 1360 1000 1413 de
1017 1359 1163 1427 magistris
1180 1373 1206 1411 c.
1223 1358 1255 1410 in
1272 1357 1441 1428 clement..

222 1447 265 1501 Ad
276 1447 415 1511 quintum,
432 1447 528 1499 utrum
540 1443 623 1496 simul
635 1443 828 1497 habitantibus
848 1444 934 1496 liceat
959 1457 989 1496 se
1012 1443 1134 1494 inuicem
1146 1441 1295 1493 caritative
1306 1453 1441 1493 amme-

189 1542 257 1582 nere
274 1529 303 1581 et
319 1527 472 1592 corripere,
485 1525 539 1578 hoc
550 1528 594 1578 est
605 1539 725 1591 querere
737 1529 822 1591 prout
830 1526 901 1577 mihi
914 1526 1037 1587 videtur,
1049 1527 1146 1576 utrum
1161 1524 1291 1576 fraterna
1298 1535 1441 1576 correc—

190 1611 231 1663 tio
247 1610 388 1663 cadatanb
400 1609 543 1675 precepto.
563 1606 654 1673 Super
664 1606 719 1660 hoc
728 1607 796 1659 Joh.
809 1608 839 1659 in
856 1621 966 1659 summa
976 1607 1053 1659 coni.
1065 1606 1096 1656 ti.
1109 1606 1145 1657 de
1153 1604 1285 1657 doctrina
1295 1604 1369 1656 ordi.
1381 1618 1441 1670 q-

188 1691 384 1760 lljsecundum
392 1691 530 1745 Thomam
547 1691 576 1741 in
585 1689 624 1741 2⁸.
636 1688 675 1741 2⁰.
687 1705 714 1754 q.
728 1691 818 1754 xxxiij
833 1703 874 1742 ar.
884 1691 914 1755 ij.
925 1689 994 1741 dicit
1007 1688 1082 1753 quod
1099 1688 1158 1751 sic;
1178 1686 1254 1739 unde
1271 1685 1441 1755 Augurali—

186 1789 239 1827 nus
255 1776 286 1826 in
294 1774 368 1826 libro
379 1775 415 1826 dc
426 1774 520 1825 verbis
532 1773 661 1825 Domini:
682 1772 711 1824 Si
724 1771 885 1839 neglexeris
897 1773 1054 1839 corrigere,
1070 1771 1151 1837 peior
1162 1783 1196 1822 eo
1209 1783 1240 1823 es
1251 1771 1345 1823 iactus
1358 1771 1405 1836 qui

185 1855 320 1921 pensavit.
334 1854 388 1906 Sed
405 1856 499 1906 tannen
520 1853 587 1918 quia
599 1854 764 1918 preceptum
778 1854 949 1905 affirmatum
967 1856 1020 1916 est,
1034 1867 1092 1905 non
1109 1852 1219 1919 obligat
1235 1852 1272 1904 ad
1283 1866 1404 1919 semper,

168 1970 171 1975 -
187 1938 237 1991 sed
247 1950 299 2002 pro
317 1935 379 1988 loco
402 1938 431 1988 et
450 1937 577 2000 tempore
594 1934 747 1987 secundum
764 1936 963 1988 convenientes
981 1937 1010 1987 et
1031 1935 1141 1987 debitas
1158 1935 1405 1999 circumstancias3

186 2023 216 2074 et
227 2018 329 2072 deinde
340 2019 437 2083 paucis
445 2017 620 2084 interpositis
631 2016 738 2068 subdit:
753 2017 873 2070 Omissio
885 2018 957 2080 eiua,
969 2018 1072 2082 inquit,
1085 2017 1272 2070 correctionis
1282 2018 1420 2070 fraterne

185 2101 338 2166 tripliciter
348 2101 397 2151 tit:
416 2114 472 2152 unc
484 2099 605 2165 quodam
628 2100 710 2151 modo
730 2101 886 2162 meritorie,
908 2114 972 2152 nam
985 2100 1140 2152 secundum
1148 2099 1341 2166 augustinum
1352 2099 1406 2165 ifl'·

185 2184 344 2237 decivitate
355 2183 408 2234 Dei
421 2197 427 2233 :
447 2182 476 2233 Si
485 2183 637 2247 propterea
648 2183 775 2247 quisquis
787 2183 944 2249 obiurgans
957 2185 986 2234 et
999 2183 1157 2249 corripiens
1168 2181 1243 2235 male
1256 2182 1405 2248 agentibus

186 2267 287 2333 parcit,
316 2265 383 2329 quia
406 2264 573 2329 oportunius
590 2264 717 2330 tempore
732 2264 853 2329 inquirit
873 2264 918 2317 vel
948 2265 982 2317 de
1005 2266 1047 2318 eis
1077 2279 1147 2329 quos
1166 2265 1312 2331 corripere
1336 2263 1403 2326 vult,

184 2348 286 2400 metuit
297 2360 332 2399 ne
343 2347 499 2398 deteriores
511 2346 679 2407 efficiantur,
697 2346 741 2398 vel
760 2360 795 2398 ne
810 2347 846 2398 ad
858 2348 961 2399 bonam
973 2347 1064 2399 uitam
1074 2345 1245 2399 erudiendos
1257 2346 1402 2413 impediat,

185 2444 242 2481 non
257 2429 370 2505 videtur
386 2428 426 2479 ibi
444 2441 505 2480 esse
522 2427 685 2492 cupiditatis
698 2428 820 2490 occasio,
839 2429 889 2480 scd
909 2430 1007 2494 pocius
1026 2428 1177 2481 consilium
1187 2429 1328 2481 caritatis.
1339 2427 1402 2482 atio

103 2534 108 2541 ·
184 2500 268 2564 modo
280 2511 421 2562 omittitur
437 2509 584 2575 cerrepcio
601 2523 666 2561 cum
686 2512 802 2576 peccato
824 2511 947 2572 mortali,
968 2510 1043 2574 quod
1065 2511 1186 2577 contigit
1203 2509 1316 2574 quando
1341 2509 1400 2575 quis

187 2592 373 2660 probabiliter
388 2592 536 2658 presumit,
546 2591 620 2655 qued
632 2591 668 2643 sd
679 2592 741 2644 eius
752 2593 941 2645 municionem
952 2594 1042 2646 irater
1053 2593 1256 2659 corrigeretur,
1269 2593 1299 2644 et
1309 2593 1400 2644 tamen

187 2676 304 2743 propter
314 2675 445 2727 timorem
456 2674 502 2727 uel
512 2674 696 2740 cupiditatem
713 2675 866 2728 omitteret.
877 2676 920 2728 De
930 2676 986 2726 isto
995 2675 1086 2727 eciam
1094 2675 1224 2740 superius
1235 2674 1344 2726 dictum
1359 2675 1400 2725 est

72 2750 78 2759 '
185 2757 216 2809 in
232 2772 258 2811 v.
269 2758 304 2810 ad
315 2758 477 2810 secundum.
487 2757 590 2810 'tercio
603 2757 686 2808 modo
698 2756 859 2809 huiusmodi
871 2759 984 2810 omissio
998 2759 1041 2810 est
1052 2759 1198 2823 peccatum
1210 2755 1331 2810 veniale.
1342 2754 1399 2808 Hoc

185 2840 335 2908 contingit,
344 2841 455 2905 quando
472 2841 598 2892 timeret
614 2839 754 2905 cupiditas
766 2841 873 2892 iaciunt
891 2840 1015 2906 aliquem
1032 2840 1187 2892 tardiorem
1205 2839 1240 2891 ad
1258 2839 1399 2915 corrigen-

183 2921 251 2974 dum
270 2923 366 2975 debita
387 2923 484 2974 fratris
504 2923 534 2974 et
556 2921 610 2974 hoc
630 2921 712 2974 modo
735 2923 790 2974 viri
808 2925 898 2975 sancti
917 2924 1061 2976 interdum
1077 2922 1131 2975 hoc
1143 2920 1308 2988 negligunt.
1319 2920 1398 2974 Unde

183 3002 358 3069 Augustinus
380 3003 411 3054 in
430 3002 481 3053 lib.
499 3003 534 3054 de
546 3002 662 3054 ciuitate
680 3003 733 3054 Dei
751 3002 829 3068 dicit,
842 3004 917 3068 quod
931 3018 987 3056 non
1005 3004 1096 3056 solum
1118 3005 1282 3068 interiores,
1301 3015 1397 3056 verum

183 3086 274 3137 eciam
285 3085 335 3150 hij,
345 3086 394 3151 qui
411 3085 586 3150 superiorem
603 3085 659 3136 vite
671 3085 793 3151 gradum
802 3087 941 3152 optinent,
954 3087 989 3138 ab
1002 3086 1123 3139 aliorum
1134 3085 1357 3152 reprehensione
1367 3097 1395 3137 se

184 3168 326 3220 abstinent
336 3170 452 3234 propter
463 3169 626 3233 cupiditatis
637 3167 758 3230 vincula,
772 3183 829 3220 non
840 3171 935 3222 officia
946 3171 1083 3224 caritatis.
1094 3171 1128 3223 Iu
1140 3170 1195 3235 hijs
1207 3171 1277 3223 satis
1286 3183 1406 3223 concen—

186 3249 235 3301 dat
244 3248 382 3301 Heuricus
390 3251 468 3316 Boyc
479 3251 514 3302 de
525 3250 602 3302 testi.
615 3248 650 3300 ln
662 3251 739 3301 omni
748 3250 785 3301 di.
799 3251 829 3316 ij.

216 3331 382 3384 Adsextuin
393 3332 560 3398 respondeo,
573 3332 647 3397 quod
664 3333 750 3383 certis
770 3335 882 3385 statutis
904 3334 982 3386 horis
1005 3335 1082 3388 licite
1099 3335 1245 3387 laboribus
1264 3346 1398 3387 manuum

184 3427 299 3466 suarum
314 3428 415 3467 vacare
432 3416 556 3480 possunt.
569 3414 620 3466 Est
631 3415 745 3478 quidem
756 3413 811 3467 boc
822 3414 965 3470 laudabile
980 3420 1009 3471 et
1022 3421 1150 3471 sanctum
1162 3431 1254 3485 genus
1266 3417 1374 3471 vivendi
1385 3431 1399 3481 ;

183 3496 263 3562 patet
278 3495 309 3547 in
325 3495 450 3561 psalmo:
480 3497 604 3548 Labores
620 3509 755 3549 manuum
772 3499 902 3563 tuarum3
921 3501 989 3564 quia
1014 3501 1206 3565 manducabis,
1235 3502 1334 3554 beatus
1357 3512 1404 3559 et.

185 3579 240 3631 etc.
257 3578 294 3630 Et
304 3577 357 3630 boc
368 3579 518 3645 presertim
529 3581 647 3644 propter
657 3579 712 3631 duo
726 3595 733 3630 :
746 3581 848 3645 primo,
859 3594 894 3634 ne
907 3584 969 3634 ocio
979 3586 1109 3651 torpeant
1121 3600 1129 3648 3
1143 3597 1208 3635 nam
1227 3585 1357 3637 ociositas
1366 3584 1400 3634 et

184 3660 313 3726 voluptas
332 3663 397 3713 sunt
408 3675 487 3714 arma
498 3662 607 3727 antiqui
623 3661 713 3713 hostis
730 3662 766 3714 ad
778 3663 896 3716 miseras
921 3667 1030 3719 animas
1050 3667 1244 3732 captiuandas.
1260 3667 1303 3720 De
1319 3679 1394 3719 rann.

184 3755 209 3796 c.
228 3739 292 3794 Nus
312 3756 376 3792 cum
389 3740 503 3809 pridem
518 3743 537 3806 ἓ
559 3741 671 3796 Verum.
696 3745 738 3796 De
751 3744 805 3797 hoc
824 3760 870 3798 no.
892 3748 957 3800 Ber.
976 3750 1017 3800 ibi
1034 3763 1149 3802 versus:
1170 3747 1239 3802 Ocia
1260 3749 1286 3801 si
1305 3747 1392 3809 tollas,

183 3824 296 3889 periere
319 3825 460 3890 cupidinis
488 3828 574 3878 artus.
596 3826 731 3887 Queritur
758 3827 884 3894 Egistus,
915 3844 1003 3894 quare
1032 3832 1070 3885 sit
1094 3832 1186 3883 iactus
1217 3830 1335 3884 adulter.
1360 3828 1390 3882 In

183 3908 316 3972 promptu
327 3921 427 3959 causa:
446 3908 603 3961 desidiosus
622 3911 692 3961 erat.
706 3909 787 3962 Unde
803 3909 986 3965 iheronimus
1005 3913 1040 3965 ad
1051 3914 1190 3966 rusticum
1206 3912 1388 3966 monachum:

182 3988 300 4054 Semper
316 3989 422 4054 aliquid
439 3991 533 4055 operis
550 3992 645 4053 tacito,
668 3994 701 4043 ut
721 3994 749 4044 te
768 3992 906 4058 dyabolus
927 3996 1056 4048 inueniat
1082 3997 1246 4062 occupatus.
1269 3995 1308 4049 Bt
1325 3995 1391 4049 aicit

182 4070 258 4123 idem
276 4070 460 4124 iheronimus
476 4073 532 4124 ait:
547 4073 720 4126 Monosteria
737 4074 921 4141 Egipciorum
938 4078 973 4130 dc
986 4092 1036 4129 auo
1048 4091 1125 4131 more
1142 4079 1287 4131 neminem
1301 4077 1393 4132 admit·

182 4153 246 4204 tunt
256 4154 362 4219 absque
379 4167 465 4220 opere
476 4157 505 4207 et
524 4154 632 4219 labore,
643 4158 676 4209 ut
692 4157 734 4208 sic
745 4171 762 4209 a
773 4159 943 4225 perniciosis
962 4161 1186 4228 cogitacionibus
1205 4159 1393 4214 retrahantur.

182 4235 351 4301 Hecpatent
363 4237 398 4289 de
410 4250 502 4290 conse.
516 4237 553 4289 di.
568 4254 594 4290 v.
612 4239 777 4308 Nunquam.
797 4239 869 4294 Hinc
887 4241 1039 4295 Salomon:
1059 4244 1181 4310 Propter
1200 4244 1296 4311 trigue
1316 4243 1395 4311 piger

183 4333 266 4372 arare
283 4319 394 4386 noluit;
417 4321 589 4374 mendicabit
610 4336 679 4390 ergo
702 4326 802 4391 estate,
825 4327 854 4378 et
876 4340 932 4378 non
952 4327 1065 4387 dabitur
1093 4328 1129 4380 ei.
1150 4328 1300 4381 Proverbi.
1320 4335 1397 4381 xm.

181 4401 315 4469 capitulo,
333 4405 363 4456 et
378 4403 527 4457 mulierem
538 4405 651 4470 iontem,
671 4407 750 4459 cuius
762 4407 846 4474 digiti
857 4409 952 4462 iusum
972 4409 1198 4476 apprehendunt,
1219 4410 1397 4465 commenda·

182 4485 237 4537 tur.
250 4485 397 4538 Proverbi.
410 4495 489 4541 ιω.
503 4486 627 4554 capitulo
635 4480 767 4553 secundo,
779 4503 816 4543 ue
833 4489 896 4556 alljs
913 4493 1026 4545 onerosi
1041 4493 1172 4545 existant.
1187 4492 1272 4548 Unde
1283 4495 1399 4562 aposto·

181 4567 356 4638 luspropriJ's
367 4571 496 4624 manibus
507 4570 665 4636 laborabat,
676 4575 708 4626 ut
724 4572 818 4627 locum
828 4575 994 4640 predicandi
1011 4575 1256 4648 pseudoapostolis
1268 4579 1402 4643 autema,
