3188 5340
187 112 235 167 166
698 113 801 168 ANNO
820 113 883 167 latr

186 280 326 344 11111111,
337 279 473 348 quianon
484 280 611 348 loquitur
630 280 665 335 de
676 280 731 348 hiJs
747 283 886 349 personis,
905 283 955 336 sed
971 283 1007 336 de
1027 284 1205 351 quibusdam,
1226 285 1277 353 qui
1303 299 1404 340 novum

187 364 316 416 ordinem
326 364 357 416 et
376 363 548 430 religionem
564 365 694 417 inuenire
716 378 767 418 seu
787 365 917 418 habitum
941 379 1015 420 noue
1036 367 1185 434 religionis
1203 369 1404 435 presumebant

187 459 340 508 assumere,
358 459 479 512 quorum
503 446 591 512 aliqui
614 447 765 500 averitate
785 447 925 501 catholice
945 450 1012 503 tidei
1031 451 1192 514 deuiabant,
1211 451 1404 504 ecclesiastiea

187 529 363 581 sacramente
379 529 572 594 despiciebant
582 531 611 581 et
622 543 732 582 errores
744 530 815 582 alios
828 531 1027 597 multipliciter
1038 533 1180 586 seminare
1198 534 1362 596 studebant,
1374 536 1404 585 ut

186 615 265 680 patet
281 615 370 664 totum
387 614 545 665 discursum
567 613 644 665 illius
667 617 880 668 constitucionis
903 616 1099 681 perspicienti.
1121 617 1158 667 At
1176 616 1228 681 hii,
1252 617 1403 681 dequibus

186 696 325 762 queritur,
337 696 491 748 secundum
509 698 667 759 veritatem,
681 709 735 762 que
754 697 829 750 Deus
850 701 902 761 est,
920 714 977 751 non
994 701 1060 750 sunt
1072 697 1153 751 talos.
1167 698 1406 761 Ymmosuntilli,

187 780 222 830 de
234 777 363 844 qualibus
374 778 500 843 loquitur
517 781 678 845 supradicta
695 784 882 847 extravagans
901 781 1029 848 Gregorij
1049 782 1077 845 xj
1091 780 1136 833 Ea
1154 782 1291 846 iniuncto,
1310 787 1405 850 utpote

187 860 231 914 illi
247 861 296 926 qui
307 859 454 912 humiliter
465 862 493 913 et
504 861 622 914 honeste
633 863 663 913 in
674 864 841 929 paupertate
852 865 882 914 et
890 864 1020 915 castitate
1028 865 1135 927 vivunt,
1153 864 1289 916 eeclesias
1302 867 1403 918 deuote

187 944 378 1010 frequentant,
397 943 525 996 Romane
544 944 664 997 ecclesie
681 959 835 1011 eorumque
856 946 962 998 curatis
981 947 1010 999 et
1021 945 1139 1011 prelatis
1158 950 1329 1001 reuerenter
1346 949 1409 1002 obe·

188 1028 279 1089 diunt,
291 1025 377 1078 nullis
389 1040 419 1078 se
431 1028 576 1079 erroribus
588 1028 772 1090 inuoluendo,
791 1029 840 1081 sed
852 1029 952 1081 intimo
966 1029 1093 1082 caritatis
1102 1042 1200 1082 amore
1218 1032 1275 1082 sibi
1287 1032 1409 1084 inuicem

188 1110 338 1163 seruiendo
348 1123 381 1160 ao
392 1108 585 1162 desiderantes
597 1124 681 1176 quam
692 1110 848 1176 plurimum
867 1125 899 1164 ao
917 1111 1001 1164 simul
1019 1114 1048 1164 et
1059 1113 1183 1164 inuicem
1196 1114 1227 1165 in
1238 1113 1409 1167 humilitatis

189 1193 291 1258 spiritu
302 1191 448 1243 Altissimo
470 1191 611 1244 famulari.
626 1193 727 1245 Tercio
745 1194 838 1258 potest
858 1194 1007 1246 euidenter
1018 1207 1070 1260 per
1086 1194 1144 1246 iam
1161 1195 1267 1246 dictam
1279 1199 1411 1249 constitu·

189 1276 300 1327 cionem
316 1273 361 1326 Ea
377 1273 502 1324 iniuncto
528 1270 637 1336 colligi,
659 1271 735 1336 quod
758 1273 862 1336 pretati
879 1271 1009 1324 homines
1031 1273 1113 1324 extra
1132 1272 1307 1340 religionem
1330 1276 1410 1327 simul

189 1357 350 1410 habitantes
361 1356 391 1408 et
402 1356 431 1406 in
440 1354 583 1406 communi
594 1352 679 1404 simul
691 1354 820 1406 uiuentes
831 1355 863 1419 jn
880 1355 1036 1420 prouincijs
1048 1353 1221 1419 Coloniensi,
1240 1357 1411 1410 Treuerensi

190 1441 219 1494 et
230 1439 442 1506 Maguntinensi
455 1438 521 1489 sunt
537 1435 628 1487 solum
650 1438 680 1488 et
699 1436 863 1489 immediate
885 1438 1025 1503 suppositi
1043 1438 1235 1491 iurisdictioni
1254 1441 1285 1493 et
1305 1443 1410 1506 proteo·

191 1523 261 1588 tionj
288 1523 531 1587 dyocesanorum3
561 1532 635 1580 nam,
662 1520 749 1584 prout
765 1533 800 1570 ex
818 1522 917 1571 tenore
946 1520 1021 1571 dicte
1042 1520 1258 1573 constitucionis
1287 1526 1410 1589 apparet,

192 1605 346 1672 Gregorius
358 1605 396 1668 xj.
410 1602 561 1655 committit
579 1604 607 1653 et
620 1602 733 1653 mandat
750 1602 942 1667 predictarum
962 1603 1176 1668 prouinciarum
1192 1603 1411 1672 archiepiscopis

191 1699 346 1752 eorumque
357 1685 554 1752 suffraganeis,
568 1684 706 1749 quatenus
718 1685 844 1749 ipsorum
862 1684 969 1752 singuli
986 1686 1016 1736 in
1033 1686 1092 1737 suis
1103 1687 1270 1738 ciuitatibus
1282 1689 1313 1739 et
1324 1688 1409 1740 diooe

193 1769 270 1820 sibus
290 1770 325 1820 de
346 1768 507 1820 huiusmodi
524 1766 686 1819 hominihus
706 1768 854 1832 utriusque
875 1781 958 1819 sexus
978 1768 1084 1820 ibidem
1104 1770 1357 1833 commorantibus,
1377 1771 1408 1822 de

193 1852 318 1918 ipsorum
335 1852 393 1903 vita
410 1854 438 1903 et
449 1851 669 1903 conuersaoione
681 1852 711 1902 et
727 1851 813 1912 statu,
825 1852 854 1902 et
869 1865 905 1903 an
917 1850 1027 1915 aliquos
1038 1864 1151 1903 errores
1163 1852 1193 1902 in
1205 1852 1263 1905 fide
1274 1851 1408 1905 catholiea

193 1935 318 1996 teneant,
342 1933 496 2000 diligenter
515 1934 659 1997 inquirant
681 1935 711 1984 et
730 1932 858 1998 plenarie
879 1934 1025 1985 informati
1039 1932 1197 1998 culpabiles
1220 1935 1368 2002 corrigant
1382 1935 1407 1986 et

194 2017 322 2083 puniant,
335 2017 499 2068 innocentes
516 2030 586 2068 uero
598 2017 714 2067 taueant
726 2029 758 2068 ac
775 2017 807 2066 ut
823 2016 882 2068 Deo
901 2017 1023 2068 inuicem
1042 2017 1192 2068 seruiendo
1205 2018 1236 2069 in
1248 2019 1407 2084 paupertate

195 2100 224 2151 et
235 2099 364 2151 castitate
389 2099 548 2164 ceterisque
574 2099 726 2149 uirtutibus
755 2097 833 2150 licite
859 2098 1024 2150 conuersari
1047 2113 1080 2150 ac
1103 2097 1216 2151 Christo
1233 2098 1406 2153 laudabiliter

196 2181 341 2234 deseruire
358 2180 483 2243 ualeant,
501 2179 648 2232 licenciam
666 2179 821 2246 apostolica
832 2182 1002 2234 auctoritate
1013 2181 1178 2244 concedant,
1191 2183 1405 2235 contradictores

195 2277 249 2331 per
264 2277 413 2317 censuram
422 2262 642 2315 ecclesiasticam
652 2263 864 2329 compescendo.

230 2348 313 2409 Ecce,
331 2347 471 2411 quomodo
483 2346 639 2398 clarissime
659 2347 702 2398 est
722 2347 874 2409 ostensum,
888 2347 962 2412 quod
979 2347 1100 2413 predicti
1120 2347 1252 2401 homines
1269 2347 1403 2413 uhiusqua

196 2444 279 2483 sexus
296 2428 411 2481 insimul
433 2430 639 2480 commorantes
661 2428 690 2480 et
707 2428 736 2479 in
756 2430 897 2480 communi
917 2430 1000 2481 extra
1018 2430 1189 2496 religionem
1209 2430 1341 2483 videntes
1358 2441 1402 2481 non

196 2514 307 2566 suntde
323 2511 521 2577 iurisdictione
537 2511 724 2576 inquisitoris,
742 2511 791 2562 sed
808 2511 900 2563 solum
912 2515 941 2563 et
957 2512 1121 2565 immediate
1139 2513 1260 2579 subiecti
1284 2511 1400 2578 iurisdie-

197 2595 268 2647 tioni
290 2594 513 2660 dyocesanorum
529 2594 559 2644 iu
579 2593 732 2658 prouinciis
749 2593 919 2657 supradictis
939 2607 991 2660 per
1008 2593 1161 2658 specialem
1178 2595 1399 2646 constitucionem

197 2678 271 2729 dicte
283 2675 496 2742 extrauagantis
507 2674 552 2727 Ee
568 2675 703 2739 iniuncto,
714 2676 746 2726 ut
763 2674 855 2726 locum
868 2675 971 2729 habeat
982 2675 1085 2743 regula
1098 2676 1172 2743 juris
1186 2691 1193 2728 :
1212 2677 1343 2730 Graciam
1359 2687 1399 2743 ptr

198 2759 349 2826 specialem
361 2759 515 2825 derogatur
526 2771 589 2810 oum
599 2758 657 2809 suis
666 2769 778 2808 concor.
789 2756 819 2808 li.
830 2759 890 2823 vlia

231 2841 277 2894 Sic
288 2842 333 2893 est
343 2841 407 2892 ilnis
417 2841 508 2893 istius.

459 2987 646 3053 Koninklijke
663 2988 845 3040 Bibliotheek
861 2991 890 3041 te
907 2988 929 3041 ’s
946 2989 1142 3057 Gravenhage,
1161 2989 1217 3045 HS.
1230 2991 1267 3044 X.
1286 2990 1332 3044 101
1348 2985 1395 3052 (lh

491 3072 570 3134 355):
589 3070 696 3138 Scripta
718 3069 864 3122 doctorum
881 3070 916 3124 de
935 3070 1397 3139 1111ῳ191111111111,111.68-11-

494 3150 536 3214 Op
549 3150 590 3200 dit
602 3149 668 3200 stuk
680 3163 715 3201 111
733 3164 769 3215 op
787 3151 822 3202 de
833 3151 894 3202 vier
911 3151 1051 3218 volgende
1071 3153 1149 3204 werd
1168 3152 1200 3204 ik
1220 3151 1397 3219 opmerkzaan

490 3232 624 3298 gemaakt
632 3232 703 3283 door
714 3232 749 3284 de
760 3246 824 3284 zeer
833 3233 974 3300 beknopte
986 3234 1135 3302 ontleding
1146 3248 1233 3288 ervan
1243 3236 1280 3300 hij
1291 3231 1397 3299 helprat

493 3312 701 3381 Verhandela'nq
711 3329 776 3366 over
787 3313 822 3367 de
841 3313 1043 3384 hroederscltap
1059 3332 1116 3369 aaa
1129 3317 1165 3371 G.
1185 3316 1297 3381 Groote,
1307 3316 1346 3367 21·
1354 3313 1397 3365 uit·

494 3410 576 3464 gave,
593 3395 646 3448 blz.
660 3397 749 3460 50·53,
767 3398 814 3450 die
836 3412 907 3451 naar
925 3398 975 3451 het
995 3399 1146 3466 Haagsche
1165 3396 1342 3449 handschritt
1353 3403 1398 3444 111

492 3481 584 3533 zendt.
595 3481 679 3532 -De
690 3481 881 3548 godgeleerde
892 3481 1039 3544 sohritten,
1057 3495 1198 3544 waarvan,
1211 3482 1242 3532 in
1253 3481 1296 3533 dit
1306 3476 1364 3531 stul
1372 3485 1399 3525 tn

436 3623 441 3637 ι
493 3564 523 3614 in
543 3564 578 3615 11
594 3563 743 3630 volgende,
769 3563 960 3631 aanhalingcn
986 3578 1022 3617 en
1050 3565 1278 3630 bewilsplaatsen
1304 3560 1400 3615 worden

491 3645 636 3711 gebruikt,
656 3660 752 3699 waren
775 3661 811 3712 op
828 3646 878 3699 het
900 3647 984 3699 einde
1003 3647 1056 3699 111
1075 3646 1134 3697 141·
1156 3660 1238 3699 eeuw
1271 3646 1401 3714 algemeeh

493 3727 614 3790 bekend,
634 3729 728 3780 aooals
746 3712 829 3795 oluit
840 3730 883 3781 uit
899 3729 949 3781 het
964 3730 1211 3782 testamentvan·«
1226 3729 1363 3783 Henrieua
1374 3723 1404 3775 (1⁰

494 3810 677 3871 Suderlande,
706 3813 858 3863 canonicus
887 3811 1052 3864 Leodiensis
1078 3814 1107 3865 et
1134 3811 1304 3865 scolasticus
1330 3805 1406 3863 1111111

493 3892 629 3944 Gereonis
642 3892 817 3946 coloniensis
826 3893 1011 3946 ecelesiarum
1025 3913 1036 3940 ι
1055 3892 1408 3963 (10111111111391),11

493 3974 521 4026 al
533 3975 605 4040 aljne
616 3974 829 4028 handschritten
840 3990 894 4029 aan
906 3977 941 4029 de
963 3975 1124 4029 hootdkerlr
1140 3990 1195 4028 van
1208 3977 1286 4030 Luih
1302 3975 1408 4030 schoah

491 4055 654 4111 Daaronder
674 4059 859 4126 vermeldthij
874 4060 1059 4114 :uAndream
1073 4060 1109 4112 de
1128 4059 1238 4112 Barulo
1256 4075 1345 4128 snper
1362 4063 1413 4114 tres

358 4161 360 4164 ⁴
491 4139 579 4195 libros
590 4141 705 4207 codicis,
718 4142 872 4206 decretum,
891 4128 1058 4209 decretales,
1070 4144 1183 4196 sextum
1203 4143 1415 4200 librumoecse
