3188 5340
517 111 622 168 11110
639 109 713 177 reas,
731 110 796 164 mer
1229 102 1280 170 ser

54 318 142 386 pans
156 293 546 383 deuhnxomburgsohen
563 288 637 362 adel
652 312 716 360 111
731 292 783 362 101
797 291 1012 381 verdediging
1027 314 1092 363 van
1103 295 1164 363 het
1174 294 1287 384 gelooi

54 408 159 491 tegen
174 401 229 471 die
243 398 468 470 Boheemsohe
484 397 625 466 hetters.
645 398 691 463 De
715 395 811 463 lieide
838 401 889 464 tot
903 395 1068 478 christus,
1096 398 1148 466 die
1163 399 1231 468 hun
1249 403 1281 469 in

55 505 336 595 vergoedingvan
348 522 452 572 eenen
465 500 589 569 lichten
604 498 702 588 strijd
717 500 757 566 de
773 501 921 588 eeuwige
936 498 1098 588 zaligheid
1114 503 1284 572 schenken

56 610 123 689 eal,
138 607 284 678 alsmede
300 607 341 675 de
355 604 450 674 dorst
466 623 549 672 naar
564 624 655 671 roem
672 603 779 671 zullen
796 603 862 671 hen
878 603 1014 671 daartoe
1031 611 1219 675 aanzetten.
1238 610 1284 675 De

57 733 143 802 pane
157 713 209 780 sal
231 708 475 796 aanteelrening
490 708 620 776 houden
636 727 702 775 van
726 707 765 775 de
782 727 900 775 namen
917 707 976 775 der
991 711 1140 792 voraten,
1155 711 1286 779 edellie·

58 816 125 893 den
138 835 182 884 en
196 813 368 896 volkeren,
386 813 439 881 die
461 812 502 880 de
531 810 624 880 Kerlr
652 815 750 900 tegen
774 811 826 878 die
849 811 976 880 ketters
1000 811 1033 879 in
1058 811 1287 903 bescherming

60 919 172 990 zallen
189 937 322 987 nemen.

96 1047 250 1111 Martinus,
259 1046 315 1098 etc·
325 1043 446 1099 Dilectis
458 1043 525 1098 111110
537 1043 681 1097 nobilibus
690 1042 759 1096 11110
767 1043 926 1109 comitibus,
943 1043 1098 1099 baronibus
1109 1046 1139 1098 et
1150 1045 1288 1100 militibus

60 1132 93 1185 in
113 1131 220 1184 ducatu
239 1128 487 1196 Luxemburgensi
509 1128 682 1193 constitutis,
699 1126 830 1190 salutem,
856 1128 910 1179 etc.
930 1128 1137 1193 (Requirentur
1159 1130 1287 1193 comites,

60 1216 188 1269 huense
199 1212 230 1265 et
239 1210 347 1264 11111ωο
356 1211 475 1263 ducatus
484 1209 756 1276 luxemburgensis,
769 1211 801 1262 11
809 1209 948 1262 auxillum
960 1212 1087 1276 ipsorum
1095 1212 1242 1277 praestent
1253 1212 1289 1264 ad

60 1296 276 1350 haereticorum
296 1293 571 1358 exterminationes.)

95 1378 128 1432 Sl
136 1377 234 1442 aliqua
243 1375 372 1429 haeresis
383 1375 556 1428 surrexisset
567 1376 597 1426 in
608 1375 714 1440 populo
727 1375 894 1440 christiano,
906 1390 979 1441 quae
990 1376 1022 1429 in
1038 1376 1100 1428 sola
1116 1375 1289 1440 loquacitate

59 1463 94 1515 et
110 1458 193 1514 taleis
202 1460 232 1512 et
242 1458 394 1512 milesticis
406 1455 583 1525 argumentis
600 1458 714 1520 innitet,
736 1458 776 1510 sio
787 1460 820 1510 ut
831 1458 982 1524 aliquando
994 1460 1115 1511 11111111
1128 1459 1290 1510 nostrorum

59 1544 242 1616 temporibus
252 1543 359 1595 lactum
372 1542 426 1604 est,
438 1556 489 1593 nos
500 1541 552 1593 illa
570 1555 635 1593 cum
646 1543 745 1593 sancta
762 1542 912 1608 disciplina
923 1542 1052 1594 veritatis
1069 1544 1099 1593 et
1109 1541 1244 1594 remediis
1260 1541 1291 1592 in

60 1625 188 1679 ecclesia
199 1625 253 1678 Dei
269 1624 409 1676 institutis
420 1623 582 1689 opprimere
601 1626 631 1676 et
641 1625 818 1676 contundere
835 1638 1009 1676 curaremus.
1029 1623 1085 1677 Sed
1101 1622 1172 1676 haec
1183 1623 1293 1676 1111001

61 1708 294 1774 huoremannus
313 1719 436 1774 regnum
464 1705 621 1758 Bohemiae
649 1706 853 1759 miserabiliter
872 1707 1026 1769 excecavit,
1050 1708 1160 1759 armata
1187 1705 1293 1771 prodiit

62 1792 167 1844 contra
177 1790 262 1844 fldem
279 1787 460 1851 catholicam,
478 1788 586 1840 viribus
608 1790 638 1841 ct
654 1790 783 1854 potentia
806 1790 970 1842 confirmari
987 1790 1115 1841 conatur.
1135 1789 1293 1854 Propterea

62 1873 260 1928 necessarium
270 1874 323 1935 est,
336 1870 418 1923 nobis
430 1871 466 1923 ad
477 1869 551 1923 hano
562 1872 672 1937 pestem
685 1872 918 1938 extinguendam,
936 1873 966 1924 et
983 1870 1110 1924 fidelium
1122 1871 1292 1937 principum,

63 1954 207 2010 nobilium
218 1956 249 2008 et
266 1953 438 2021 populorum
454 1953 562 2006 auxilia
579 1967 746 2019 convocare,
759 1956 899 2006 eteorum
916 1954 1079 2027 praecipue,
1098 1953 1225 2017 quisunt
1241 1965 1293 2018 per

62 2037 250 2094 Germaniam
271 2036 429 2089 constituti.
454 2037 528 2089 Nam
545 2035 585 2087 hii
609 2050 645 2089 ex
664 2038 725 2089 1011
745 2036 953 2089 christianitate
976 2037 1095 2102 propter
1118 2035 1293 2089 uicinitatem

62 2122 160 2191 magis
170 2121 208 2174 ad
219 2119 442 2174 succurrendum
455 2120 608 2185 opportuni
620 2122 696 2184 sunt,
709 2121 738 2173 et
749 2121 855 2173 debent
871 2120 1027 2172 ferventius
1044 2118 1165 2171 animari
1183 2118 1218 2171 ed
1230 2130 1293 2183 pro·

62 2204 203 2272 pinquins
213 2201 413 2268 depellendum
423 2200 591 2268 periculum.
1370 2195 1371 2198 ’

97 2286 206 2348 Quare,
218 2276 272 2337 fflrl
289 2284 397 2347 dilecti,
415 2285 513 2336 stricte
525 2285 697 2349 requirimus
714 2287 744 2337 et
765 2299 900 2352 rogamus
920 2284 1099 2337 nobilitatem
1116 2283 1249 2342 vestram,
1262 2279 1295 2331 ut

64 2382 124 2422 non
131 2368 274 2422 deseratis
285 2381 400 2420 causam
412 2366 489 2430 fidel,
502 2368 552 2418 sed
564 2381 616 2431 pro
633 2381 669 2419 ea
680 2367 858 2420 defendenda
869 2368 969 2419 contra
981 2365 1124 2418 Bohemos
1134 2363 1294 2418 haereticos

66 2466 132 2506 cum
145 2451 275 2518 potentia
285 2452 381 2502 vestra
391 2450 581 2516 consurgatis,
591 2463 697 2514 vosque
709 2451 812 2503 idoneo
827 2452 956 2515 tempore
965 2450 995 2501 ln
1007 2448 1061 2501 hac
1072 2450 1170 2500 sancta
1181 2442 1294 2511 expedi·

67 2536 148 2588 tione
166 2535 315 2601 promptos
334 2531 494 2585 exhibeatis
513 2534 543 2584 01
562 2534 702 2597 peractos,
723 2534 759 2584 ad
782 2546 867 2597 quam
878 2533 987 2584 vestros
1005 2533 1121 2584 devotos
1138 2532 1168 2582 01
1184 2525 1294 2581 nobiles

67 2619 179 2671 animoa
192 2615 296 2669 merito
319 2615 404 2668 debet
422 2614 600 2667 inflammare
620 2615 818 2681 principaliter
834 2629 914 2666 amor
927 2614 1041 2677 Christi,
1060 2628 1077 2665 a
1093 2627 1149 2678 quo
1169 2624 1221 2677 pro
1239 2608 1295 2661 levi

66 2713 167 2768 pugna
186 2699 333 2763 recipietis
350 2697 556 2750 beatitudinem
574 2699 794 2763 sempiternam
818 2697 902 2750 debet
919 2699 948 2749 et
968 2711 1017 2748 vos
1037 2709 1117 2749 amor
1133 2693 1247 2745 virtutis
1266 2691 1297 2742 01

68 2780 181 2851 gloriae
192 2793 382 2842 commovere,
396 2782 428 2831 11
439 2778 549 2831 nullum
567 2793 619 2845 pro
631 2778 681 2831 tali
695 2793 779 2833 eausa
790 2779 949 2846 periculum
961 2779 1079 2846 fugiatis
1088 2779 1138 2830 aut
1149 2776 1295 2837 laborem3

68 2867 99 2918 et
115 2879 168 2917 nos
185 2864 282 2928 etiam,
295 2862 344 2927 qui
362 2862 477 2914 nomina
488 2861 667 2928 singulorum
679 2863 840 2929 principum
862 2875 895 2914 ac
915 2862 1053 2913 nobilium
1070 2874 1103 2912 ac
1114 2857 1295 2925 populorum,

68 2948 118 3013 qui
126 2945 224 3000 in'hoc
233 2945 363 2998 exercitu
375 2943 540 2996 militabunt
551 2942 595 2997 vel
608 2945 715 2997 auxilia
732 2945 942 3006 ministrabunt,
955 2945 1037 2995 nobis
1049 2943 1113 2994 fleri
1131 2941 1200 2992 nota
1216 2950 1297 2991 cura·

68 3030 174 3095 bimus,
186 3030 218 3081 et
227 3027 388 3082 Romanam
399 3025 485 3080 simul
497 3024 646 3079 ecclesiam
658 3027 694 3079 ad
711 3029 820 3080 vestros
831 3029 861 3080 et
878 3027 1036 3080 vestrorum
1048 3024 1172 3077 honores
1183 3024 1298 3076 010011-

69 3111 197 3165 modain
208 3111 379 3183 perpetuum
390 3108 563 3176 obligabitis.

103 3195 211 3249 Datum
226 3193 347 3256 Romae,
365 3191 439 3258 apud
451 3193 579 3244 sanctum
598 3192 735 3256 Marcum,
747 3191 877 3245 kalendis
895 3191 1069 3253 Decembris,
1079 3192 1255 3245 annosexto.

335 3298 454 3354 Arohlel
471 3314 524 3352 van
536 3299 585 3352 het
601 3299 741 3352 Vatilraau
761 3299 855 3366 (Arch.
878 3314 948 3352 secr.
964 3298 1049 3364 vat),
1061 3302 1140 3352 Arm.
1162 3297 1298 3368 XXXIX,

369 3385 392 3436 t.
417 3383 452 3445 V,
470 3384 563 3449 prima
579 3396 655 3448 pars,
679 3382 728 3435 101.
748 3381 799 3446 29ς
821 3370 935 3434 ontleed
958 3383 996 3447 bij
1018 3381 1152 3445 Cauchie,
1172 3383 1298 3446 Misaion,

371 3460 565 3526 1111311310,
575 3461 775 3527 algedrulrtblj
785 3461 846 3512 Van
856 3461 973 3526 Houttc,
982 3460 1090 3514 Lettres
1100 3459 1135 3512 de
1144 3462 1252 3513 Martie
1266 3460 1298 3527 V,

373 3539 403 3592 in
417 3540 617 3604 detinuimus,
627 3539 669 3590 ld·
679 3539 774 3604 rceks,
785 3539 847 3592 decl
861 3539 897 3602 X,
910 3539 964 3590 blz.
978 3537 1299 3605 111-1010301111-

370 3621 505 3674 luidende
528 3624 613 3674 breve
631 3622 708 3674 werd
728 3621 865 3675 tezeltder
884 3621 935 3688 tljd
952 3622 1023 3672 door
1040 3621 1179 3673 Martinus
1206 3621 1228 3670 V
1257 3622 1301 3671 tot

371 3705 524 3769 Gerardus,
536 3706 620 3772 great
631 3719 684 3757 van
698 3703 824 3769 Marche‚
836 3704 957 3771 gericht.
969 3703 1063 3769 (lbid.‚
1075 3703 1126 3755 101.
1138 3702 1185 3754 luo
1197 3717 1300 3766 verso.)

571 3877 645 3946 152
671 3865 808 3965 (26611).

120 4059 216 4134 1424,
243 4047 368 4141 Maart
381 4057 433 4129 16,
451 4046 570 4115 Rome.
588 4046 694 4112 Breve
706 4064 771 4111 111
788 4043 952 4112 Martinus
969 4044 1012 4125 V,
1031 4043 1159 4131 gericht
1172 4044 1222 4112 tot
1238 4040 1302 4109 den

72 4150 277 4242 inpuiaiteur
292 4148 385 4218 Orric
400 4168 464 4220 van
481 4148 654 4229 Torrente,
689 4144 824 4235 waarbij
857 4144 902 4232 hij
937 4145 1013 4214 hem
1044 4151 1222 4231 aanspoort
1252 4149 1302 4214 tot

210 4280 213 4285 '
231 4283 233 4287 ·
1222 4259 1253 4312 11
