3188 5340
187 501 238 556 242
703 504 807 560 ANNO
825 504 890 556 iseo

187 674 216 725 in
236 671 357 739 singulis
376 671 434 723 suis
453 668 581 735 partibus
602 683 657 722 uou
679 671 808 736 paruerit
830 684 895 722 cum
914 671 1028 735 effectu,
1050 673 1132 738 juxta
1154 670 1245 736 ipsius
1269 670 1397 724 sententie

186 759 316 808 tenorem
332 754 362 807 et
380 753 450 805 uliae
470 765 616 804 sacrorum
638 765 778 804 canonum
797 753 972 820 exigentiam
995 755 1129 820 puniatis.
1149 754 1188 808 Et
1207 752 1399 806 nichilominus

186 839 286 891 contra
301 835 451 891 Nicolaum
461 836 615 900 prelatum,
633 848 742 888 necnon
761 835 815 886 sibi
833 835 1014 902 adherentes,
1027 837 1057 889 et
1068 837 1210 888 dictorum
1221 835 1401 888 articulorum

187 921 216 976 et
235 920 423 973 assertionum
434 918 598 979 sectatores,
617 931 650 970 ae
667 916 828 970 huiusmodi
846 918 982 970 articulos
1002 920 1032 972 et
1051 919 1223 972 assertiones
1243 917 1289 970 vel
1311 931 1403 971 eorum

188 1005 312 1069 aliquem
328 1001 526 1068 approbantes,
547 1002 686 1063 tenentes,
698 1001 883 1054 defendentes
898 1001 943 1054 vel
963 1002 1196 1068 dogmatizantes,
1213 1003 1364 1066 exemptos
1379 1001 1406 1052 et

188 1102 243 1140 uon
255 1086 411 1150 exemptos,
421 1086 451 1136 et
458 1083 614 1148 quemlibet
625 1084 760 1150 ipsorum,
770 1084 806 1136 de
818 1085 920 1148 quibus
931 1085 1010 1136 uobis
1022 1085 1191 1146 constiterit,
1205 1085 1405 1148 cuiuscumque

187 1170 343 1237 diguitatis,
353 1169 451 1232 status,
464 1168 579 1233 gradum,
590 1166 698 1217 ordinis
709 1166 754 1218 vel
766 1168 936 1218 conditionis
947 1168 1080 1230 existant,
1093 1167 1249 1234 diligenter
1262 1167 1407 1231 inquirere

186 1253 332 1315 studeatis,
352 1253 381 1304 et
392 1264 441 1303 eos
453 1263 523 1313 quos
545 1261 597 1315 per
619 1248 831 1312 inquisitionem
855 1249 1017 1301 huiusmodi
1034 1250 1194 1302 diffamatos
1206 1249 1252 1302 vel
1276 1263 1408 1302 errorum

186 1333 346 1387 huiusmodi
366 1332 430 1385 labe
446 1344 592 1396 respersos
603 1333 779 1396 repereritis,
791 1333 961 1385 auctoritate
978 1333 1115 1398 predicta,
1128 1333 1215 1385 etiam
1231 1346 1287 1397 per
1299 1346 1408 1384 excom·

185 1416 395 1481 municetiouis,
414 1414 606 1479 suspensionis
629 1416 658 1465 et
680 1415 833 1476 interdicti,
858 1428 967 1466 necnon
988 1416 1158 1480 priuationis
1180 1415 1358 1481 dignitatum
1381 1416 1410 1466 et

184 1498 388 1553 benedciorum
405 1509 438 1548 ac
455 1496 614 1559 feudorum,
626 1509 711 1561 quea
727 1497 950 1561 quibuscumque
967 1497 1095 1562 ecclesiis
1112 1497 1171 1550 sive
1183 1499 1370 1564 monasterljs
1379 1498 1409 1550 et

185 1580 249 1647 aliJs
269 1580 339 1632 locis
358 1578 557 1632 ecclesiasticis
577 1578 715 1640 obtinent,
736 1579 823 1631 etiam
846 1579 985 1631 bonorum
1008 1580 1189 1642 secularium,
1213 1581 1243 1632 et
1266 1593 1321 1645 per
1339 1579 1410 1632 alias

184 1677 282 1731 penas,
291 1661 447 1715 sententias
464 1662 493 1712 et
510 1673 643 1712 censuras
655 1660 862 1713 ecclesiasticas
873 1675 907 1713 ac
918 1662 978 1714 vias
987 1664 1017 1715 et
1028 1663 1136 1725 modos,
1146 1675 1217 1726 quos
1226 1662 1264 1714 ad
1276 1661 1334 1714 hoc
1343 1676 1411 1728 quo·

184 1744 340 1799 modolibet
358 1742 493 1808 expedire
513 1756 563 1794 seu
584 1745 757 1808 opportunos
781 1757 843 1796 esse
865 1743 1002 1806 videritis,
1025 1746 1113 1798 etiam
1134 1758 1187 1810 per
1206 1745 1359 1810 captiones
1382 1747 1412 1798 et

185 1825 423 1880 incarcerationes
454 1836 640 1890 personarum
673 1826 703 1877 et
730 1824 801 1877 alias
828 1838 915 1891 penas
948 1825 1120 1892 corporales,
1149 1826 1253 1890 quibus
1287 1826 1411 1880 heretici

184 1908 340 1975 puniuntur
348 1919 398 1958 seu
410 1906 506 1972 puniri
515 1905 617 1968 solent,
628 1907 779 1973 corrigatis
791 1908 821 1960 et
831 1908 966 1973 puniatis,
978 1922 1012 1961 ac
1021 1908 1128 1975 corrigi
1138 1910 1168 1961 et
1175 1909 1274 1974 puniri
1283 1909 1410 1962 inciam.

135 1997 141 2008 ·
185 1990 414 2043 Contradictores
436 2001 655 2053 percensuram
674 1989 905 2053 ecclesiasticam,
929 1990 1122 2056 appellatione
1144 1991 1312 2057 postposita,
1335 2006 1412 2046 oom-

183 2073 333 2140 pesceudo,
346 2072 478 2123 inuocato
487 2072 522 2122 ad
535 2069 597 2132 hoc,
607 2071 632 2122 si
641 2085 712 2136 opus
723 2072 819 2137 luerit,
832 2071 940 2123 auxilio
949 2072 1058 2124 brachii
1070 2072 1216 2126 secularis.

217 2155 281 2208 Non
290 2153 467 2206 obstantibus
476 2155 534 2204 tam
545 2153 637 2204 ielicis
647 2154 852 2205 recordationis
863 2155 1004 2207 Boniiacii
1021 2169 1094 2221 pepe
1103 2154 1182 2219 VIII,
1195 2157 1412 2222 predecessoris

185 2237 285 2298 nostri,
298 2249 354 2300 qua
362 2236 481 2287 cauetur
490 2235 598 2298 nequis
610 2237 692 2287 extra
703 2236 849 2288 ciuitatem
866 2238 896 2288 et
911 2237 1058 2304 diocesim,
1071 2238 1126 2290 nisi
1137 2239 1168 2290 in
1180 2239 1269 2290 certis
1281 2243 1412 2306 exceptis

185 2319 305 2380 ossibus,
316 2319 345 2371 et
356 2318 386 2368 in
395 2316 454 2368 illis
462 2316 537 2368 vltra
545 2330 628 2369 vnam
645 2317 750 2369 dietam
762 2331 779 2370 a
792 2319 848 2371 dne
860 2332 910 2371 sue
922 2320 1043 2372 diocesis
1054 2320 1090 2371 ad
1101 2319 1238 2374 iudicium
1251 2326 1394 2376 euocetur
1404 2339 1412 2388 3

185 2421 235 2460 seu
245 2421 280 2458 ne
288 2405 398 2472 judices
410 2405 502 2457 ssede
511 2403 668 2469 apostolice
676 2405 803 2470 deputati
814 2408 896 2459 extra
907 2407 1053 2460 ciuitatem
1064 2409 1094 2460 ct
1103 2407 1250 2468 diocesim,
1263 2407 1294 2457 in
1307 2407 1412 2470 quibus

185 2488 312 2554 deputati
323 2487 441 2549 tuerint,
453 2487 553 2538 contra
569 2499 761 2551 quoscumque
780 2488 944 2553 procedere,
963 2489 1023 2541 siue
1043 2488 1091 2554 aiij
1104 2488 1149 2541 vel
1169 2489 1233 2554 alljs
1244 2488 1323 2541 uices
1344 2501 1412 2540 suas

64 2626 74 2641 ,
185 2571 373 2634 committere,
385 2569 435 2620 aut
446 2567 556 2632 aliquos
573 2568 647 2620 vltra
666 2582 749 2620 unam
767 2569 872 2622 dietam
883 2585 901 2622 a
912 2571 968 2623 dne
979 2571 1101 2623 diocesis
1112 2570 1279 2622 eorumdem
1292 2569 1412 2623 trabem

184 2655 358 2719 presumant,
371 2653 400 2704 et
411 2652 446 2703 de
455 2651 563 2704 duabus
572 2651 656 2704 dietis
673 2652 703 2703 in
721 2651 840 2703 concilio
852 2653 992 2719 generali,
1004 2667 1089 2718 quam
1101 2653 1164 2719 elIJs
1182 2653 1412 2718 quibuscumque

185 2735 432 2787 constitutionibus
449 2732 621 2799 apostolicis,
634 2734 692 2784 tam
707 2734 742 2785 de
759 2735 901 2799 judicibus
918 2734 1057 2802 delegatis
1078 2749 1163 2800 quam
1181 2737 1315 2802 personis
1336 2737 1414 2788 vltra

185 2818 292 2870 certum
303 2829 452 2869 numerum
463 2815 645 2880 adjudicium
656 2829 713 2867 non
724 2816 866 2881 vocandis,
878 2819 928 2870 aut
936 2818 1000 2883 alljs
1011 2818 1107 2885 editis,
1119 2832 1174 2882 que
1183 2821 1303 2883 possent
1313 2819 1345 2871 in
1357 2818 1412 2871 hac

183 2891 266 2969 parte
282 2902 376 2953 vestre
392 2898 582 2965 iurisdictioni
599 2901 649 2950 sut
664 2890 801 2964 potestati
808 2901 925 2964 eiusque
941 2899 1033 2954 libero
1044 2901 1181 2954 exercitio
1193 2901 1412 2966 quomodolibet

185 2982 312 3035 obuiure.
326 2982 381 3034 Seu
393 2981 417 3032 si
429 2982 540 3047 pretato
557 2980 676 3033 Nicolao
694 2980 739 3033 vel
751 2982 898 3046 quibusuis
910 2981 974 3048 allis
985 2984 1174 3036 communiter
1185 2983 1230 3036 vel
1242 2983 1363 3036 diuisim
1375 2984 1410 3036 ab

184 3065 283 3119 eedem
303 3064 342 3115 sit
360 3064 427 3115 sede
446 3062 597 3125 indultum,
617 3064 692 3128 quod
711 3065 854 3131 interdici,
874 3066 1007 3131 suspendi
1027 3065 1071 3120 vel
1091 3067 1334 3120 excommunicari
1353 3081 1409 3119 non

183 3146 293 3213 possint
300 3159 353 3211 per
363 3144 474 3197 litteras
490 3144 660 3211 apostolicas
677 3160 733 3197 non
744 3147 881 3200 tumentes
892 3147 1007 3214 plenam
1017 3151 1048 3201 et
1059 3161 1223 3214 expressam
1231 3163 1267 3201 ac
1275 3151 1312 3201 de
1320 3150 1408 3202 verbo

183 3229 219 3281 ad
227 3229 346 3281 verbum
357 3229 392 3279 de
401 3226 511 3279 indulto
519 3226 682 3280 huiusmodi
693 3230 724 3281 et
733 3242 832 3281 eorum
841 3231 980 3296 personis,
992 3229 1073 3295 locis,
1086 3231 1234 3284 ordinibus
1244 3234 1276 3284 et
1288 3233 1409 3283 nomini·

183 3312 236 3363 bus
250 3310 374 3376 proprp's
384 3310 571 3373 mencionem,
581 3311 611 3364 et
619 3311 746 3375 qualibet
762 3311 821 3365 alis
837 3313 912 3366 dicte
928 3314 1004 3367 sedis
1021 3313 1202 3382 indulgentia
1218 3314 1352 3381 generali
1362 3313 1405 3366 vel

182 3392 309 3460 speciali,
329 3393 529 3457 cuiuscumque
541 3394 649 3445 tenoris
666 3395 779 3460 existat,
791 3408 844 3460 per
860 3409 945 3460 quam
965 3397 1145 3462 presentibus
1164 3411 1222 3450 non
1238 3409 1405 3463 expressam

181 3473 227 3527 vel
238 3473 367 3527 totaliter
377 3488 433 3527 non
450 3476 586 3528 insertam
603 3479 696 3530 vestre
706 3477 912 3543 iurisdictionis
931 3479 1084 3544 explicatio
1101 3479 1131 3531 iu
1150 3478 1205 3531 bac
1216 3481 1300 3545 parte
1312 3479 1405 3532 velem

183 3556 395 3623 quomodolibet
415 3557 557 3623 impediri,
577 3561 609 3612 et
629 3560 665 3612 de
688 3573 744 3624 qua
766 3560 902 3625 cuiusque
924 3563 984 3613 toto
1006 3564 1107 3615 tenore
1129 3562 1160 3614 in
1182 3563 1290 3614 uostris
1313 3561 1404 3615 literis

182 3640 312 3693 habenda
323 3641 360 3690 sit
368 3641 475 3692 mentio
487 3641 629 3706 specialis.

215 3723 318 3774 Datum
330 3722 503 3786 Florentiae,
519 3724 585 3790 aiij.
599 3725 662 3776 idus
673 3725 814 3790 ianuarii,
826 3727 1008 3792 pontificatus
1020 3728 1111 3781 nostri
1122 3740 1196 3780 anno
1207 3728 1307 3781 tertio.

440 3838 558 3892 Archiei
570 3855 621 3893 ran
633 3840 683 3894 bet
693 3842 1018 3911 Vatilsaan„Regestum
1029 3852 1062 3896 n⁰
1071 3843 1241 3908 ccctvm,
1254 3842 1308 3897 iol.
1316 3843 1401 3907 'la-ts,

474 3922 592 3975 Amhiei
608 3925 660 3976 der
670 3924 831 3977 hooidkerlr
850 3939 903 3977 vau
921 3926 1058 3992 Doornik,
1077 3925 1237 3979 cartulaire
1254 3926 1303 3992 113
1320 3928 1404 3994 sige⁸

476 4006 562 4057 dmukt
582 4007 619 4071 bij
644 4006 776 4070 Cauchis,
799 4006 894 4060 Nscole
912 4009 1065 4072 Senmrter,
1085 4008 1138 4061 bls.
1156 4006 1266 4060 &8318
1283 4011 1337 4074 (xie
1348 4007 1404 4061 ook

475 4088 630 4151 denaelide,
640 4089 765 4152 fflssion,
775 4089 827 4143 bls.
839 4089 968 4155 314315).
979 4119 1011 4130 -
1022 4092 1117 4145 Reeds
1134 4090 1237 4158 geheel
1248 4091 1405 4159 atgedrukt

475 4170 513 4235 bij
526 4171 691 4237 'l'omasetti
704 4171 876 4236 Baliarium,
893 4172 957 4226 deel
968 4173 1017 4237 IV,
1029 4173 1082 4226 bia.
1094 4173 1222 4240 60on
1239 4186 1279 4227 eu
1297 4173 1405 4242 Coque-

474 4251 557 4315 lines,
574 4251 750 4319 Baliarium,
762 4254 827 4308 decl
843 4255 898 4319 111,
915 4255 970 4308 blu.
982 4255 1109 4322 essese,
1127 4255 1184 4308 ook
1200 4255 1406 4325 meumes

474 4335 513 4400 bii
535 4335 672 4389 odoricus
691 4337 866 4404 Rayuuldns,
878 4337 1004 4394 Amalec
1014 4337 1195 4403 musaeo,
1212 4338 1280 4393 deel
1298 4339 1408 4406 xum,

474 4417 528 4470 bis.
547 4417 633 4485 iesu,
644 4433 722 4474 waar
741 4422 777 4476 de
795 4421 845 4476 bul
863 4422 964 4491 begiut
978 4423 1038 4478 met
1056 4423 1092 4478 de
1110 4423 1268 4480 woorden:
1286 4422 1409 4480 maen

467 4502 901 4574 monumentorum.
