3188 5340
708 487 812 543 ANNO
830 488 894 539 1418
1361 490 1411 542 aut

173 647 357 712 scientifica,
369 649 571 715 spectabilibus
587 651 759 716 tamosisqne
776 653 846 704 viris
865 652 1012 720 magistris
1028 654 1058 705 et
1075 654 1239 706 doctoribus
1256 652 1409 708 licentiatis

174 743 212 782 ac
223 731 398 798 bacallarljs,
410 734 542 786 acetiam
550 733 752 786 nonnullorum
762 748 873 802 regum,
884 737 997 799 ducum,
1009 735 1180 802 principum,
1190 736 1366 801 prelatorum
1375 751 1409 790 ao

174 816 399 868 miuersitatum
415 816 583 880 studiorum,
602 818 846 882 communitatum,
860 817 1058 883 capitulorum,
1075 820 1276 880 conuentuum,
1294 822 1323 872 et
1335 834 1409 885 quo-

175 897 312 950 rumdam
320 897 442 951 aliorum
451 899 610 952 absentium
621 901 870 964 ambaxiatoribus,
881 902 988 965 nuntiis
998 902 1027 954 et
1036 902 1278 968 procuratoribus,
1289 901 1409 967 alljsquo

175 980 354 1033 notabilibus
374 983 404 1034 et
423 983 635 1048 circumspectis
654 983 724 1034 viris
746 996 798 1048 pro
820 983 920 1035 eodem
941 996 1022 1035 sacro
1046 982 1177 1049 generali
1199 982 1410 1037 Constantiensi

176 1062 302 1115 concilio
313 1065 344 1117 in
357 1064 521 1116 Constantia
532 1066 690 1127 destinatis,
705 1067 901 1127 existentibus,
916 1066 1027 1132 stipsis
1044 1067 1075 1116 in
1087 1065 1157 1117 locis
1175 1068 1204 1118 et
1221 1067 1334 1118 sedibus
1350 1069 1409 1119 suis

174 1149 208 1196 vt
224 1148 314 1199 moris
326 1149 370 1200 est
385 1148 559 1211 sedentibus,
577 1149 633 1198 tuit
651 1149 681 1199 in
699 1149 810 1213 pretato
823 1147 886 1199 loco
904 1149 1130 1201 constantiensis
1147 1147 1276 1214 ecclesie,
1293 1151 1408 1213 quidam

175 1228 315 1282 Nicolaus
331 1231 498 1296 Serrurarij,
518 1231 684 1284 Leodiensis
701 1232 831 1296 diocesis,
850 1233 941 1284 irater
961 1232 1069 1282 ordinis
1091 1231 1296 1284 heremitarum
1316 1235 1407 1285 sancti

173 1313 331 1380 Augustini
341 1315 498 1366 conuentus
510 1315 708 1380 Tornacensis,
717 1315 748 1367 in
761 1314 908 1381 theologia
915 1316 1063 1382 magister,
1076 1314 1222 1377 adductus,
1233 1316 1263 1367 et
1274 1316 1303 1366 in
1312 1317 1406 1368 medio

174 1393 235 1446 loci
243 1395 366 1461 predicti
378 1397 408 1448 in
419 1396 542 1462 quodam
553 1411 658 1450 manno
668 1398 737 1450 satis
746 1396 804 1450 alto
817 1400 846 1451 et
858 1411 876 1450 a
886 1399 965 1450 terra
976 1397 1092 1450 eleuato
1106 1398 1277 1450 constitutus
1287 1415 1295 1463 ς
1307 1401 1337 1452 et
1345 1400 1408 1464 ipso

174 1473 207 1526 in
215 1473 294 1526 dicto
303 1487 408 1526 scanno
420 1475 569 1537 existente,
579 1476 834 1529 reuerendissimus
847 1477 877 1528 in
889 1475 1001 1527 Christo
1014 1478 1097 1541 pater
1110 1475 1241 1528 dominus
1251 1477 1270 1529 J
1272 1477 1408 1541 ohannes,

174 1557 231 1610 Dei
242 1557 339 1624 gratia
346 1556 510 1623 patriarcha
521 1558 859 1624 constantinopolitanus,
871 1558 958 1623 judex
968 1558 997 1610 et
1008 1559 1223 1610 commissarius
1231 1573 1284 1625 per
1295 1573 1408 1612 sacrum

174 1638 395 1693 Constantiense
411 1639 573 1704 concilium,
591 1644 621 1693 et
638 1641 741 1695 deinde
758 1654 811 1707 per
827 1641 972 1694 dominum
983 1642 1114 1692 nostrum
1132 1653 1235 1707 papam
1251 1641 1407 1695 Martinum

173 1721 337 1787 pradictum
356 1723 443 1787 judex
462 1725 492 1776 et
511 1725 722 1777 commissarius
745 1723 909 1789 specialiter
929 1724 1080 1789 deputatus
1103 1724 1203 1776 contra
1224 1725 1353 1776 tenentes
1376 1726 1407 1778 et

173 1804 402 1871 dogmatizantes
413 1819 568 1872 eorumque
579 1807 706 1860 fautores
723 1808 753 1860 et
764 1805 943 1869 adherentes,
963 1807 1070 1858 sectam
1086 1807 1116 1859 et
1132 1806 1291 1859 doctrinam
1299 1807 1405 1860 Wicle·

172 1887 306 1940 flstarum
318 1889 349 1941 et
361 1888 553 1955 Hussitarum,
557 1890 643 1956 prout
654 1890 689 1942 de
701 1890 789 1956 ipsius
802 1889 1000 1942 commissione
1011 1888 1102 1954 liquet
1110 1890 1140 1941 et
1152 1890 1271 1954 apparet
1285 1890 1315 1941 in
1333 1891 1405 1943 actis

173 1970 204 2022 et
211 1969 339 2022 actitatis
351 1971 477 2024 eiusdem
487 1972 561 2024 sacri
571 1971 693 2035 concillj,
706 1972 834 2024 ascendit
843 1973 1003 2037 ambonem,
1012 1971 1059 2023 vbi
1069 1972 1142 2036 acta,
1152 1973 1268 2034 statuta,
1279 1973 1404 2041 decreta,

172 2051 371 2106 ordinationes
379 2055 409 2107 et
417 2053 462 2119 aiij
476 2057 556 2106 actus
568 2053 710 2107 solemnes
718 2055 787 2106 dicti
796 2055 870 2107 sacri
883 2053 994 2120 concilu'
1008 2053 1076 2120 logi,
1088 2054 1229 2119 publicari
1242 2055 1272 2107 et
1283 2069 1407 2121 pronun·

172 2135 242 2187 tiari
254 2136 285 2187 et
296 2138 416 2201 proponj
428 2136 521 2190 solent
531 2153 539 2203 ς
549 2139 597 2202 qui
610 2142 743 2203 tanquam
752 2140 838 2204 judex
852 2141 880 2191 et
893 2139 1105 2191 commissarius
1117 2136 1203 2204 plena
1211 2141 1241 2191 et
1251 2140 1405 2192 sufficienti

172 2218 317 2282 potestate
328 2220 459 2272 suitultus
470 2222 619 2292 proposuit
632 2224 717 2286 atque
729 2222 801 2273 dixit
813 2222 954 2274 narrando
966 2233 1131 2285 processum
1147 2221 1287 2286 agitatum
1305 2223 1404 2272 contra

172 2300 282 2354 dictum
300 2303 470 2368 magistrum
483 2301 636 2380 'Nicolaum
653 2318 706 2370 per
722 2305 866 2357 dominum
879 2305 1044 2369 episcopum
1053 2303 1262 2355 Tornacensem
1271 2306 1301 2356 et
1312 2305 1402 2371 inqui·

172 2383 293 2437 sitorem
315 2383 442 2438 heretice
458 2387 608 2451 prauitatis
631 2386 661 2438 in
681 2387 780 2440 eadem
803 2387 909 2438 diocesi
932 2388 962 2439 et
983 2386 1138 2459 prouincia·
1163 2386 1308 2449 Remensi,
1326 2388 1402 2441 vide·

172 2465 331 2532 lioatquod
354 2467 460 2520 dudum
482 2469 512 2520 in
535 2470 694 2522 diocesibus
718 2469 923 2531 cameracensi,
948 2469 1154 2530 Attrehatensi,
1182 2468 1356 2523 'fornacensi
1372 2472 1401 2524 et

172 2548 333 2602 florinensi
341 2551 556 2604 insurrexerant
571 2552 685 2616 quidam
699 2550 829 2604 homines
838 2554 1024 2619 segregantes
1033 2564 1065 2603 se
1074 2566 1092 2603 a
1102 2551 1246 2603 consortio
1256 2548 1403 2601 bominum

172 2633 244 2685 etin
253 2632 345 2696 siluis,
356 2634 520 2686 nemoribus
531 2636 560 2687 et
571 2636 702 2687 cauernis
712 2636 741 2687 et
756 2635 786 2686 in
803 2634 873 2687 locis
885 2635 1029 2686 absconsis
1041 2636 1071 2687 et
1080 2633 1184 2686 abditis
1198 2648 1250 2686 sua
1259 2632 1404 2685 iaciebant

172 2714 383 2779 conuenticula,
404 2731 437 2768 ac
452 2717 529 2769 inter
551 2731 581 2769 se
598 2718 774 2770 refricabant
790 2720 821 2770 et
837 2717 1065 2784 dogmatizabant
1085 2717 1221 2782 quasdam
1238 2715 1354 2768 hereses
1374 2715 1404 2767 et

171 2798 310 2850 articulos
322 2799 542 2864 condempnatos
553 2801 603 2864 qui
613 2800 816 2866 repperiuntur
832 2800 1036 2862 Waldentium,
1057 2800 1105 2863 qui
1118 2800 1186 2850 dicti
1195 2799 1313 2851 inerunt
1328 2798 1403 2849 Pau·

170 2891 255 2942 peres
266 2879 302 2931 de
316 2879 464 2946 Lugduno,
475 2895 508 2931 ac
527 2881 714 2945 quorumdam
726 2881 922 2948 Bagardorum
942 2881 990 2945 qui
1013 2880 1212 2944 condempnati
1228 2879 1347 2931 luerunt
1371 2877 1401 2928 in

169 2962 291 3014 concilio
303 2963 457 3016 Viennensi
467 2964 514 3029 (l),
525 2965 554 3016 et
563 2965 691 3018 ultimate
701 2965 848 3016 cuiusdam
857 2963 1075 3030 Vespertilionis
1084 2964 1126 3014 sio
1135 2963 1282 3014 nominati.
1294 2961 1401 3012 Contra

169 3059 291 3110 quorum
302 3046 461 3100 doctrinam
473 3051 503 3100 et
513 3049 785 3115 multiplicacionem
797 3049 946 3114 episcopus
958 3047 1160 3111 Tornacensis,
1175 3046 1302 3098 debitum
1315 3045 1399 3110 otllcij

170 3129 355 3195 exsoluendo,
372 3131 507 3183 inuitauit
524 3133 554 3183 et
571 3131 689 3183 inuitari
706 3131 775 3183 iecit
793 3144 984 3196 quoscumque
1002 3131 1134 3181 doctores
1152 3129 1182 3182 et
1193 3129 1346 3196 magistros
1365 3128 1401 3179 ad

170 3210 329 3265 docendum
340 3215 370 3265 et
380 3213 583 3278 predicandum
595 3215 624 3265 in
636 3214 695 3265 suis
707 3214 824 3268 ciuitate
836 3215 865 3267 et
876 3213 982 3266 diocesi
995 3213 1096 3265 contra
1107 3211 1194 3264 talem
1206 3212 1312 3263 sectam
1330 3209 1400 3261 mul·

170 3295 437 3362 tiplicacionemque
457 3299 487 3349 et
506 3298 673 3350 doctrinam.
692 3296 773 3350 Inter
793 3311 863 3362 quos
880 3298 1018 3365 magister
1039 3296 1173 3349 Nicolaus
1192 3295 1349 3359 Serrurarij
1369 3307 1400 3347 se

172 3379 316 3431 obtulerat
338 3393 402 3431 cum
410 3381 519 3432 duobus
531 3381 595 3445 alljs
607 3381 651 3432 sui
665 3381 782 3443 ordinis,
797 3383 826 3433 et
838 3382 905 3432 dum
917 3380 1083 3433 crederetur
1095 3378 1170 3443 quod
1179 3377 1285 3429 dictam
1294 3377 1400 3428 doctri-

172 3473 235 3512 nam
243 3461 275 3512 et
286 3463 393 3513 sectam
405 3462 615 3530 impugnarent,
628 3463 812 3516 indoluerunt
823 3477 854 3516 se
866 3464 901 3515 ad
913 3463 999 3515 aliam
1016 3461 1154 3526 perfidam
1173 3460 1334 3511 doctrinam
1346 3475 1353 3524 3
1371 3460 1401 3510 et

172 3544 244 3606 quod
256 3543 334 3595 inter
345 3557 394 3596 eos
405 3545 480 3596 idem
492 3546 629 3611 magister
641 3545 776 3599 Nicolaus
789 3546 893 3597 multos
905 3545 1041 3597 articulos
1052 3556 1200 3606 erroneos,
1215 3543 1353 3608 quosdam
1371 3543 1400 3592 in

171 3624 225 3677 lide
237 3626 268 3676 et
279 3626 415 3689 moribus,
429 3627 565 3691 quosdam
576 3641 644 3680 vero
661 3628 851 3692 scandalosos,
870 3628 941 3679 alios
953 3639 1100 3688 erroneos,
1115 3626 1146 3677 in
1163 3626 1292 3677 moribus
1311 3624 1400 3677 eccla·

171 3707 292 3759 siasticis
313 3709 501 3772 scandalosos,
525 3710 599 3763 male
622 3712 755 3763 sonantes
772 3711 815 3763 vel
837 3712 948 3775 piarum
971 3711 1084 3762 aurium
1108 3709 1262 3761 offensiuos
1282 3707 1399 3773 dogma·

171 3789 310 3843 tisauerat
327 3793 356 3843 et
372 3793 578 3855 predicauerat,
597 3795 683 3858 prout
698 3794 728 3844 in
746 3794 913 3856 quibusdam
930 3792 1108 3857 processibus
1121 3793 1150 3842 et
1162 3790 1291 3842 articulis
1309 3789 1339 3840 in
1358 3789 1399 3840 eis

171 3874 312 3926 contentis
334 3876 434 3926 contra
453 3876 545 3938 ipsum
565 3877 734 3942 magistrum
754 3875 903 3927 Nicolaum
923 3876 1027 3927 tamin
1047 3875 1176 3938 partibus
1198 3885 1293 3924 coram
1315 3871 1399 3923 dictis

170 3956 305 4020 episeopo
330 3958 360 4009 et
384 3957 553 4022 inquisitore
581 3971 736 4023 eorumque
765 3958 965 4023 commissarljs
988 3970 1072 4022 quam
1098 3956 1127 4007 in
1162 3956 1243 4007 curia
1267 3954 1400 4008 Romana

169 4039 317 4103 probatis;
331 4053 451 4103 quorum
463 4041 545 4091 tenor
557 4041 592 4093 de
602 4042 689 4092 verbo
702 4041 738 4093 ad
749 4041 867 4091 verbum
878 4054 942 4091 cum
955 4053 1053 4092 eorum
1070 4038 1330 4103 qualificationibus
1347 4050 1399 4102 per

167 4121 281 4186 jndices
306 4122 374 4173 tidei
398 4123 550 4189 generales
573 4137 727 4189 eorumque
753 4122 961 4174 commissarios
989 4123 1019 4174 et
1043 4122 1193 4187 deputatos
1218 4121 1253 4173 de
1276 4119 1397 4188 singulis

169 4205 338 4256 nacionibus
347 4205 516 4268 qualificatis
525 4207 645 4258 interius
656 4208 700 4259 est
708 4207 832 4258 insertus
843 4207 872 4258 et
880 4205 993 4271 plenius
1005 4205 1176 4256 continetur.

201 4287 257 4348 Qui
280 4287 394 4352 quidem
413 4288 527 4341 articuli
546 4290 611 4354 post
629 4289 830 4342 recitacionem
850 4301 999 4354 processus
1018 4288 1136 4339 luerunt
1158 4287 1233 4338 dicto
1259 4284 1397 4352 magistro

167 4370 290 4424 Nicolao
301 4371 333 4422 rt
344 4383 393 4423 eos
403 4372 561 4434 reuocaret,
574 4373 659 4438 prout
670 4373 706 4425 ad
718 4371 772 4424 hoo
784 4385 815 4425 se
827 4371 979 4434 obtulerat,
991 4371 1020 4422 in
1036 4369 1158 4436 quadam
1175 4369 1270 4435 papiri
1287 4366 1399 4434 cedula,

200 4557 240 4628 (l)
248 4554 431 4620 *amonim
442 4555 492 4609 lib.
500 4555 554 4620 III,
566 4556 612 4611 tit.
622 4556 673 4620 XI,
686 4571 712 4611 o.
722 4559 736 4613 1
748 4573 756 4624 ;
766 4557 796 4610 et
803 4555 854 4610 lib.
863 4554 897 4621 V,
907 4555 954 4612 tit.
966 4555 1020 4620 111,
1030 4569 1057 4609 o.
1071 4555 1096 4608 3.
