3188 5340
128 530 131 540 ·
193 492 244 550 Ι224
706 494 810 549 ANNO
829 495 893 547 1418

196 663 305 729 possint
314 676 381 716 vere
393 665 422 716 et
433 661 582 715 meritorie
592 661 689 713 multis
698 662 882 724 secularibus,
892 663 979 714 immo
989 663 1018 714 et
1029 664 1195 728 perfectius,
1208 666 1281 720 sicut
1291 669 1358 733 patet
1365 669 1389 722 de

194 746 322 813 prelatis,
333 747 383 812 qui
399 746 466 798 sunt
482 747 512 797 in
525 747 599 797 statu
618 744 802 810 perfectionis
814 746 972 797 exercende
984 747 1041 797 tam
1054 749 1177 800 maiores
1189 762 1274 812 quam
1282 753 1389 815 minores,

193 830 267 882 sicut
278 831 343 881 sunt
352 828 453 890 curati,
467 830 552 892 prout
560 827 643 879 multi
655 829 754 879 tenent
766 829 865 878 contra
876 829 1003 879 sanctum
1021 827 1168 881 Thomam.

225 912 386 965 Secundum
406 910 599 963 corollarium.
623 910 757 973 Sequitur
776 911 909 974 secundo,
927 911 1001 974 quod
1014 915 1095 964 extra
1115 913 1272 980 religiones
1288 917 1389 969 inscia

191 998 285 1062 potest
297 994 400 1058 aliquis
412 1008 476 1045 cum
488 997 552 1045 voto
573 992 696 1057 simplici
708 991 751 1043 vel
764 993 826 1044 sine
838 994 902 1045 voto
922 993 1106 1046 christianam
1123 997 1294 1063 religionem
1310 1001 1334 1050 in
1348 1001 1390 1050 suis

191 1079 333 1143 preceptis
346 1080 375 1128 et
391 1075 517 1140 consiliis
535 1077 661 1140 perfecte
679 1076 833 1126 obseruare
847 1092 854 1139 ;
868 1077 896 1126 et
908 1077 1003 1128 dicere
1016 1078 1091 1140 quod
1109 1077 1166 1131 tale
1180 1083 1276 1132 votum
1285 1079 1389 1146 simplex,

191 1162 215 1213 si
228 1163 320 1221 tieret,
342 1161 416 1212 esset
429 1158 538 1211 nullum
559 1159 588 1210 et
607 1172 659 1223 pro
680 1173 734 1208 non
748 1160 812 1208 voto
833 1159 951 1210 deberet
970 1162 1139 1225 computari,
1157 1165 1202 1213 est
1222 1165 1389 1228 apertissimus

191 1257 274 1297 error
285 1246 313 1295 et
331 1243 456 1295 insanus.
472 1243 518 1294 Sic
531 1242 697 1293 tameniste
714 1243 804 1293 trater
820 1243 901 1306 ponit
916 1243 993 1295 circa
1005 1244 1091 1296 tinem
1107 1247 1136 1298 et
1147 1246 1178 1298 in
1191 1247 1248 1298 fine
1260 1248 1303 1299 sui
1315 1248 1387 1314 scripti

190 1326 294 1378 ultimi.

224 1406 414 1458 Corollarium
436 1405 562 1458 tertium.
586 1404 721 1469 Sequitur
741 1404 839 1467 tertio,
863 1405 938 1469 quod
964 1408 1023 1458 tota
1051 1409 1182 1461 doctrine
1210 1411 1306 1462 fratris
1329 1410 1388 1463 istius

189 1490 323 1542 innititur
342 1488 428 1541 stulte
451 1491 480 1541 et
500 1489 598 1539 insane
622 1488 753 1550 iantasie,
771 1488 857 1538 immo
878 1491 907 1539 et
927 1487 1114 1554 blasphemie.
1127 1491 1285 1558 Propterea
1303 1494 1388 1546 norst

189 1573 350 1625 mirandum
362 1573 386 1623 si
396 1571 450 1624 hoc
462 1570 673 1622 inconuenienti
682 1569 748 1621 dato
760 1570 850 1622 multa
861 1573 989 1636 posuerit
1000 1575 1029 1623 et
1040 1572 1181 1627 deducere
1194 1577 1356 1640 conatusest,
1365 1575 1387 1624 ut

190 1657 264 1721 quod
282 1655 409 1720 implicet
429 1652 683 1705 contradictionem
701 1652 825 1717 aliquem
837 1652 872 1704 de
884 1654 980 1705 seculo
992 1668 1109 1708 seruare
1126 1657 1278 1710 consilium
1288 1670 1386 1724 pauper·

188 1739 256 1791 tatis
264 1736 308 1789 vel
319 1737 457 1788 castitatis
469 1737 498 1788 et
509 1735 684 1796 obediencie,
696 1735 783 1785 immo
795 1735 871 1799 quod
888 1734 942 1786 hoc
955 1740 1030 1789 esset
1042 1739 1163 1791 mortale
1175 1743 1317 1804 peccatum
1326 1742 1385 1792 extra

188 1820 344 1888 religiones
356 1821 492 1879 facticios,
506 1833 576 1883 quas
587 1817 662 1869 solas
672 1819 753 1869 vocat
764 1830 846 1869 veras
858 1818 1024 1885 religiones,
1038 1822 1067 1872 et
1084 1823 1158 1886 quod
1170 1837 1245 1888 papa
1254 1838 1307 1875 non
1315 1822 1383 1889 puel

188 1907 353 1971 dispensare
370 1903 444 1967 quod
462 1901 566 1966 aliquis
583 1902 612 1952 in
630 1900 726 1953 seculo
745 1902 785 1952 sic
805 1901 970 1954 observaret
990 1903 1142 1956 consilium
1161 1908 1335 1972 paupertatis,
1344 1906 1382 1957 etc.

187 1989 224 2040 Et
235 1988 310 2052 quod
330 1988 427 2038 dicens
444 1985 605 2051 oppositum
622 1985 665 2035 est
677 1983 830 2045 hereticus,
849 1998 902 2036 nec
913 1985 989 2037 valet
1006 1989 1079 2038 ratio
1093 2002 1144 2039 sua
1155 1991 1231 2053 quod
1243 1992 1266 2041 si
1278 1989 1382 2043 secularis

186 2073 305 2123 voneret
320 2070 526 2134 paupertatem,
548 2070 647 2132 ageret
659 2067 758 2117 contra
774 2066 845 2118 illud
863 2071 1028 2132 preceptum
1042 2085 1048 2120 :
1062 2071 1125 2122 Non
1139 2070 1260 2135 occides,
1279 2072 1382 2139 quonlam

186 2153 283 2205 multis
292 2152 383 2203 modis
392 2153 509 2215 possunt
517 2149 654 2201 secularis
663 2150 736 2201 sicut
745 2150 774 2200 et
783 2149 935 2216 religiosus
951 2152 1049 2204 viuere
1059 2152 1195 2207 decenter
1204 2157 1233 2207 ct
1241 2155 1382 2208 sufficienter
1424 2182 1426 2187 ·

186 2237 216 2287 in
226 2235 367 2287 communi
380 2235 440 2285 sine
452 2233 578 2298 proprio,
591 2234 677 2283 immo
690 2235 719 2284 et
731 2231 803 2283 nihil
816 2232 945 2284 habendo
956 2234 1010 2285 nisi
1022 2234 1136 2288 labores
1144 2250 1278 2291 manuum
1286 2248 1380 2290 suarum.
1424 2235 1426 2299 ξ

187 2320 286 2370 Potest
297 2318 383 2370 etiam
396 2316 499 2380 aliquis
511 2317 546 2367 de
558 2315 663 2374 seculo,
676 2315 750 2366 sicut
761 2316 913 2367 confltetur
925 2318 953 2367 et
965 2331 1063 2369 verum
1076 2320 1129 2383 est,
1143 2334 1248 2374 rouere
1259 2319 1381 2373 solenniter
1424 2304 1426 2365 l

186 2402 345 2453 castitatem
360 2415 367 2462 ;
386 2400 464 2463 patet
481 2399 511 2449 in
529 2397 731 2449 sacerdotibus.
746 2395 803 2448 Gur
815 2411 871 2448 non
885 2397 1018 2450 similiter
1030 2413 1137 2452 vouere
1154 2406 1269 2467 possent
1279 2401 1379 2456 obedien·

185 2483 255 2535 tiam
264 2481 373 2546 prelato
385 2495 436 2531 suo
448 2478 570 2532 seculari
579 2481 608 2530 et
620 2493 684 2530 cum
696 2477 872 2530 secularibus
883 2480 981 2532 viuere
994 2481 1022 2532 in
1035 2485 1179 2535 communi
1191 2489 1202 2537 i
1283 2476 1286 2481 ’

218 2564 405 2616 corollarium
425 2565 566 2626 quartum.
589 2561 724 2625 Sequitur
743 2564 854 2625 quarto,
868 2563 941 2625 quod
960 2565 1086 2616 lautores
1105 2567 1134 2616 et
1154 2565 1313 2619 defensores
1321 2563 1379 2617 istiu

185 2648 284 2699 fratris
307 2648 372 2697 sunt
394 2645 510 2696 arcendi
533 2657 583 2696 seu
607 2643 764 2709 repellendi
793 2645 831 2705 et,
856 2645 915 2695 nisi>
938 2645 1076 2699 desistere
1104 2646 1258 2712 voluerint,
1285 2647 1380 2716 gravier

185 2729 333 2795 puniendi,
345 2729 489 2779 itatamen
502 2726 577 2790 quod
590 2740 646 2776 non
664 2725 777 2776 laxetur
798 2727 886 2778 nimia
898 2727 1014 2780 licentia
1034 2730 1068 2780 ad
1089 2730 1284 2784 defensionem
1302 2734 1379 2795 Regu*

184 2812 285 2863 dorum
295 2813 324 2862 et
341 2810 540 2876 Beguttarum,
552 2809 576 2858 si
589 2809 771 2873 reperiantur
787 2809 910 2860 effrenes
922 2813 950 2860 et
967 2809 1088 2862 discholi
1100 2814 1130 2863 et
1142 2812 1297 2865 scandalosi
1307 2814 1331 2864 in
1339 2808 1379 2862 suis

185 2893 440 2954 observationibus,
452 2890 603 2957 presertim
615 2890 645 2940 in
666 2890 858 2954 contemptum
870 2891 1046 2955 prelatorum
1066 2906 1184 2944 suorum
1201 2893 1353 2946 secularium
1360 2891 1381 2940 et

184 2976 346 3026 curatorum
360 2973 439 3025 iuxta
451 2973 574 3024 mentem
587 2971 775 3023 decretalium
789 2975 889 3024 contra
902 2974 973 3025 tales
983 2976 1134 3026 editarum.

217 3055 406 3108 corollarium
429 3056 568 3119 quintum.
594 3055 729 3117 Sequitur
751 3055 859 3118 quinto,
883 3057 957 3120 quod
977 3057 1108 3109 dominus
1136 3059 1235 3112 noster
1253 3072 1328 3124 papa,
1347 3052 1381 3119 qui

184 3138 321 3191 secularis
333 3141 376 3189 est
387 3140 417 3189 et
428 3137 561 3188 similiter
572 3138 615 3187 sui
635 3136 794 3188 cardinales
803 3140 832 3188 et
844 3138 957 3202 prelati,
968 3140 1026 3190 tam
1036 3141 1160 3192 maiores
1173 3145 1232 3193 tam
1241 3142 1351 3193 minores
1359 3135 1383 3186 de

184 3221 290 3282 seculo,
315 3221 418 3272 debent
441 3220 575 3272 celeriter
598 3222 627 3271 et
651 3219 835 3271 vehementer
856 3234 972 3284 operam
992 3222 1071 3284 dare,
1096 3224 1171 3286 quod
1198 3223 1264 3276 talis
1282 3220 1384 3275 uocatu

184 3304 320 3369 pestilera
332 3318 365 3354 ac
378 3302 543 3367 blasphema
552 3305 637 3367 atque
646 3303 785 3354 iniuriosa
793 3303 835 3354 eis
845 3304 1006 3369 extirpetur
1014 3306 1191 3358 iudicialiter
1202 3309 1232 3360 et
1240 3305 1352 3371 publice,
1360 3312 1385 3353 ut

184 3389 280 3450 serpat
291 3386 320 3438 in
333 3386 470 3438 maiorem
483 3385 645 3450 perniciem.
1424 3374 1426 3389 '

216 3468 401 3520 Corollarium
411 3470 531 3519 sextum.
545 3467 679 3531 Sequitur
692 3471 782 3529 sexto,
804 3469 878 3532 quod
895 3469 921 3522 si
933 3472 1033 3521 auctor
1044 3470 1110 3523 talis
1122 3470 1254 3524 doctrine
1270 3484 1331 3523 cum
1346 3465 1390 3520 suis

182 3549 342 3600 fautoribus
363 3549 527 3600 inueniatur
546 3549 677 3614 pertinax
696 3552 726 3600 et
742 3563 890 3616 arrogans,
911 3552 940 3602 et
952 3549 1068 3619 alonge
1088 3555 1219 3617 tompore
1236 3556 1296 3605 tam
1314 3551 1394 3604 eontm

182 3631 323 3696 prelatum
345 3645 427 3682 suum
445 3645 529 3695 quam
541 3633 693 3698 magistros
714 3634 742 3684 et
754 3634 895 3694 doctores,
913 3635 1014 3686 tamin
1035 3635 1129 3686 verbis
1141 3649 1228 3699 quam
1246 3637 1277 3688 in
1290 3633 1396 3700 scriptis,

183 3713 267 3764 debet
290 3713 331 3765 sic
353 3714 492 3774 attestari,
506 3715 580 3778 quod
596 3728 659 3783 *non
681 3714 785 3766 habeat
804 3715 969 3768 facultatem
987 3718 1126 3769 reddendi
1143 3720 1172 3770 et
1193 3719 1341 3772 deteriora
1348 3728 1398 3783 per

181 3794 323 3860 patrandi,
335 3797 408 3846 sicut
425 3796 481 3846 iam
500 3796 604 3848 dicitur
624 3796 677 3847 hoc
695 3795 803 3861 pluries
821 3798 923 3858 iecisse
944 3798 1116 3860 recedendo,
1138 3799 1252 3852 scilicet
1272 3813 1290 3854 a
1306 3799 1401 3867 prelato

182 3891 232 3928 suo
251 3880 280 3929 ot
291 3878 385 3929 iudice
397 3878 426 3928 et
435 3880 642 3942 consequenter
654 3879 741 3930 semel
754 3880 789 3930 ab
801 3879 855 3930 hoc
867 3880 999 3932 coneilio.

213 3957 279 4012 Alia
290 3964 356 4012 sunt
367 3961 402 4013 de
415 3960 516 4012 validis
533 3963 759 4014 mendicantibus
777 3963 852 4015 etde
869 3965 981 4017 actione
998 3966 1096 4018 contra
1113 3965 1179 4017 iura
1196 3967 1407 4030 canonicaque

181 4041 303 4094 dimitto.

444 4150 589 4204 iohannes
601 4153 636 4205 de
648 4153 766 4217 cerson,
781 4152 880 4221 Opera,
895 4154 958 4207 decl
970 4155 994 4216 I,
1015 4153 1068 4208 bla.
1080 4153 1112 4205 21
1126 4155 1144 4206 S
1155 4180 1187 4192 -
1201 4153 1235 4208 21
1246 4155 1274 4208 Y
1288 4157 1365 4223 ;ools
1378 4156 1411 4221 bij

474 4232 511 4367 {ii
537 4249 602 4367 νιῖιέ
620 4235 669 4368 (ligr
688 4237 789 4299 Herdt,
821 4236 901 4291 conc.
919 4252 975 4290 oec.
1006 4235 1231 4304 commasticans,
1268 4239 1337 4294 deel
1366 4239 1414 4302 111,

508 4331 531 4370 z.
606 4318 616 4369 l
654 4355 660 4368 .
