3188 5340
204 533 238 585 84
724 536 829 591 suno
847 537 913 590 raas

236 699 305 750 (lum
317 700 352 751 de
369 700 545 762 mulieribus,
558 713 613 764 que
626 700 755 767 Beghine
777 701 937 768 vulgariter
961 704 990 754 et
1009 702 1200 754 communiter
1219 670 1407 768 nuncupanti,

203 784 257 833 etc.
270 782 314 846 (l).

234 864 360 924 Quarum
372 867 608 931 antescriptarum
620 869 751 931 pretextu
773 866 922 919 literarum
933 869 1010 921 facta
1021 868 1229 920 informacione
1240 866 1367 934 diligenti
1384 865 1408 916 de

200 947 297 998 vitaet
308 948 435 998 moribus
451 948 612 1011 mulierum,
625 962 680 1013 que
698 949 828 1015 Begbine
848 949 1006 1017 vulgariter
1026 953 1235 1016 nuncupantur,
1254 952 1284 1001 in
1301 947 1408 1000 cmtedc

200 1028 290 1080 Vinea
298 1029 378 1081 iuxta
386 1029 484 1082 villam
496 1019 710 1084 Bruxellensem
722 1032 798 1083 dicte
810 1035 906 1084 nostre
918 1033 1048 1099 dyocesis
1065 1033 1307 1084 commorancium
1318 1044 1408 1084 necnon
1444 1074 1446 1085 .

200 1110 235 1161 de
248 1112 378 1162 omnibus
389 1115 417 1163 et
428 1112 550 1179 singulis
561 1115 590 1164 in
609 1115 684 1165 dicto
697 1116 835 1179 rescripto
858 1114 1014 1180 apostolico
1035 1116 1178 1168 contentis
1195 1129 1248 1180 per
1259 1113 1408 1181 religiosum

198 1192 290 1243 vimm
311 1195 442 1247 abbatem
463 1198 625 1260 monasterij
645 1196 735 1247 sancti
754 1197 892 1262 Bernardj
912 1198 1104 1249 cisterciensis
1122 1197 1231 1249 ordinis
1251 1210 1285 1249 ac
1307 1196 1408 1249 dilectos

199 1278 310 1326 nostros
319 1278 457 1328 decanum
469 1279 551 1329 beate
561 1277 671 1330 (iudule
685 1277 878 1331 Bruxeliensis
891 1281 920 1331 et
931 1281 1077 1331 dominum
1096 1279 1259 1332 iohannem
1271 1279 1306 1330 de
1317 1277 1408 1340 eleb,

199 1356 377 1422 capellanum
389 1362 526 1421 nostrum,
540 1363 669 1411 curatum
683 1360 803 1412 ecclesie
815 1361 850 1413 de
867 1361 1009 1423 Morselle,
1023 1361 1151 1427 predicte
1169 1364 1268 1414 nostre
1286 1361 1406 1426 dyocesis,

198 1440 300 1502 quibus
326 1444 462 1503 quantum
478 1443 513 1493 ad
535 1443 588 1493 hoc
614 1446 643 1493 et
660 1443 717 1494 alia
734 1444 917 1508 infrascripta
940 1443 1134 1495 commisimus
1157 1444 1233 1495 vices
1251 1445 1408 1506 nostras3sl

198 1523 264 1584 quia
276 1536 327 1586 per
336 1524 569 1575 informacionem
579 1525 741 1577 huiusmodi
754 1527 808 1577 rite
819 1528 922 1577 factam
931 1527 1105 1591 jnuenerint,
1118 1526 1193 1590 quod
1203 1526 1279 1578 dicte
1290 1525 1407 1577 mulieres

197 1605 226 1653 in
238 1605 365 1668 predicto
386 1606 448 1658 loco
461 1613 670 1658 commorantes
692 1607 809 1659 honeste
821 1611 850 1660 et
867 1608 1051 1660 laudabiliter
1061 1609 1195 1660 vixerunt
1213 1611 1299 1672 atque
1314 1609 1405 1667 viuunt,

195 1686 297 1737 deuote
306 1689 488 1751 frequentant
498 1687 647 1749 ecclesias,
659 1688 776 1754 prelatis
788 1691 846 1740 suis
859 1695 1028 1742 reuerenter
1038 1690 1184 1751 obediunt,
1197 1692 1227 1741 et
1238 1691 1314 1754 quod
1325 1702 1354 1740 se
1364 1689 1406 1738 dis·

165 1803 169 1812 .
195 1769 393 1833 putacionibus
413 1774 441 1821 et
461 1772 706 1836 predicacionibus
727 1772 762 1823 de
783 1785 892 1824 summa
911 1773 1040 1824 trinitate
1060 1775 1088 1823 et
1105 1772 1204 1825 diuina
1220 1772 1348 1824 assensis
1362 1784 1404 1821 non

194 1851 380 1915 y'nuoluerunt
392 1867 444 1904 nec
454 1852 607 1917 jnuoluunt
624 1867 676 1906 nec
693 1854 830 1906 hacteuus
850 1856 1092 1920 presumpserunt,
1107 1855 1182 1918 quod
1201 1853 1282 1906 nulla
1298 1865 1403 1918 unquam

194 1945 280 1996 super
297 1934 351 1997 hijs
371 1936 426 1986 fuit
442 1934 487 1986 vel
505 1938 547 1987 est
570 1937 692 2001 suspicio
710 1938 759 1988 aut
779 1937 896 1988 infamia
915 1939 1014 1988 contra
1031 1937 1117 2001 ipsas,
1140 1936 1210 1987 dicti
1233 1935 1402 1996 commissarii

196 2017 285 2066 nostri
297 2018 401 2069 virtute
420 2019 626 2069 commissionis
638 2020 765 2083 predicte
780 2018 931 2070 voluerunt
951 2022 980 2071 et
1000 2019 1216 2084 ordinauerunt,
1234 2019 1311 2083 quod
1322 2018 1404 2071 mem

195 2097 330 2150 mulieres
342 2101 371 2150 in
389 2103 463 2152 statu
474 2103 592 2166 pacifico
610 2105 639 2153 et
650 2103 746 2166 quieto
759 2105 844 2167 prout
861 2102 946 2154 aliter
956 2104 1177 2166 consueuerunt,
1197 2101 1320 2154 Domino
1330 2103 1403 2153 famu·

195 2180 247 2244 larj
267 2184 480 2245 permittantur,
506 2187 534 2235 et
558 2186 632 2248 quod
653 2187 704 2236 sub
725 2186 892 2237 obediencia
909 2187 1112 2251 magistrarum
1129 2199 1182 2250 per
1199 2186 1277 2251 ipsos
1294 2183 1405 2236 commis·

193 2265 284 2314 sartos
300 2265 407 2316 ibidem
420 2267 615 2317 institutarum
626 2268 654 2318 in
667 2266 765 2319 habitu
779 2269 857 2333 griso
869 2267 971 2318 humili
980 2271 1009 2320 et
1017 2267 1137 2319 honesto
1150 2280 1301 2320 remanere
1310 2265 1405 2319 vnleut

193 2347 299 2409 absque
315 2346 516 2400 molestacione
529 2349 635 2413 aliqua,
655 2352 697 2402 eis
712 2364 762 2402 seu
779 2364 878 2402 carum
899 2349 983 2402 alicui
1002 2351 1151 2403 occasione
1168 2350 1369 2416 prohibicionis
1383 2346 1404 2398 et

193 2426 359 2481 abolicionis
368 2431 561 2495 predictarum
572 2433 607 2482 ab
621 2430 764 2496 aliquibus
776 2433 805 2483 in
817 2433 946 2498 personis
958 2435 1007 2483 aut
1019 2433 1048 2483 in
1060 2433 1142 2483 bonis
1153 2432 1305 2484 inferenda
1320 2443 1403 2484 secun·

192 2512 260 2562 dum
268 2513 408 2564 dictarum
419 2513 580 2565 litterarum
590 2513 809 2580 apostolicarum
821 2516 1028 2566 continenciam
1038 2518 1067 2567 et
1077 2517 1206 2566 tenorem
1220 2530 1228 2579 ς

226 2594 284 2646 Nos
293 2608 360 2646 vero
370 2597 508 2659 premissa
519 2609 571 2660 per
579 2596 669 2646 dictos
681 2597 889 2648 commissarios
902 2597 1013 2647 nostros
1025 2598 1101 2648 facta
1112 2596 1309 2658 ratifficamus,
1319 2606 1402 2659 appro

192 2680 290 2730 bamus
313 2680 342 2729 et
354 2679 522 2729 auctoritate
541 2691 624 2741 quam
646 2678 699 2729 hac
719 2681 801 2744 parte
820 2680 976 2745 fungimur,
1003 2680 1213 2737 confirmamus,
1237 2677 1362 2730 volentes
1376 2687 1403 2727 es

191 2763 311 2814 drnniter
335 2763 363 2813 et
379 2760 502 2812 fideliter
525 2762 689 2826 obseruari;
711 2774 799 2825 quare
817 2762 896 2812 vobis
913 2762 1043 2813 omnibus
1069 2765 1098 2814 et
1118 2759 1239 2828 singulis
1256 2759 1403 2816 abbadbus,

189 2844 342 2908 prioribus,
361 2845 522 2909 prepositis,
536 2844 659 2904 decanis,
682 2845 848 2908 presbiteris
860 2847 889 2895 et
906 2843 1061 2909 capellanis
1084 2846 1115 2896 in
1136 2844 1242 2895 nostris
1253 2843 1368 2894 ciuitate
1383 2841 1404 2891 et

190 2926 305 2989 dyocesi
327 2926 462 2990 predictis
479 2926 649 2986 const'tutis,
669 2926 703 2975 ad
721 2940 790 2989 quos
811 2927 957 2990 presentes
974 2926 1070 2977 littere
1091 2926 1272 2991 peruenient,
1289 2922 1405 2974 districte

189 3012 361 3075 precipimus
374 3010 402 3058 et
415 3007 591 3071 mandamus,
604 3008 738 3070 quatinus
748 3021 846 3059 omnes
859 3009 888 3058 et
898 3006 1026 3073 singulos
1036 3006 1235 3060 molestatores
1246 3002 1405 3062 strabones

188 3093 212 3142 si
230 3095 278 3156 qui
297 3092 402 3144 fuerint
420 3091 451 3140 in
468 3090 622 3155 premissis,
637 3090 839 3154 cuiuscumque
856 3092 945 3140 status
962 3089 1008 3141 vel
1026 3089 1202 3141 condicionis
1213 3089 1348 3151 existant,
1365 3085 1405 3150 qui

186 3176 276 3225 dictas
304 3174 439 3225 mulieres
464 3172 689 3234 molestauerint,
719 3173 947 3236 joquietauerint
980 3172 1025 3225 vel
1053 3173 1248 3239 impedierint,
1277 3166 1407 3222 moneaba

187 3259 332 3318 canonice,
342 3259 373 3307 ut
385 3256 419 3306 ab
438 3254 599 3305 huiusmodi
611 3255 823 3319 molestacione,
834 3256 1045 3319 jnquietaoione
1058 3257 1087 3307 et
1102 3254 1296 3319 y'mpedicione
1307 3253 1409 3307 cessent

187 3341 300 3404 penitus
309 3340 338 3389 et
346 3338 491 3388 desistant.
506 3337 639 3401 Alioquin
652 3338 738 3402 ipsos,
749 3339 773 3388 si
785 3337 841 3388 sint
850 3338 1010 3403 presbiteri,
1024 3337 1201 3403 suspendatis
1219 3350 1237 3388 a
1252 3336 1361 3389 diuinis
1375 3336 1409 3397 et,

186 3423 209 3473 si
220 3422 324 3473 dictam
333 3422 548 3485 suspensionem
556 3433 608 3484 per
617 3434 666 3471 sex
678 3421 739 3470 dies
752 3422 782 3471 in
796 3433 826 3471 se
835 3421 1032 3484 sustinuerint,
1050 3421 1127 3485 ipsos
1143 3420 1411 3480 excommunicetis3

185 3504 209 3553 si
222 3516 290 3554 vero
301 3503 399 3553 clerici
408 3503 516 3554 fuerint
527 3502 588 3553 siue
606 3501 672 3552 laici
685 3504 715 3553 et
727 3502 806 3553 dicte
823 3502 974 3553 monitioni
984 3516 1040 3552 non
1057 3502 1206 3566 paruerint
1223 3515 1290 3553 cum
1302 3501 1411 3564 effectu,

186 3586 262 3650 ipsos
279 3585 529 3637 excommunicetis
551 3586 580 3634 et
603 3585 861 3635 excommunicatos
885 3582 998 3648 publice
1018 3585 1168 3635 nunciatis.
1187 3583 1225 3635 Et
1252 3583 1323 3648 quid
1348 3583 1412 3635 inde

183 3667 311 3719 feceritis
335 3668 505 3729 nominaque
530 3667 711 3727 monitorum,
733 3679 933 3730 suspensorum
954 3669 982 3716 et
993 3666 1316 3728 excommunicatorum,
1328 3666 1353 3717 si
1366 3665 1413 3730 qui

185 3751 302 3810 fuerint,
324 3750 404 3800 nobis
427 3749 534 3812 liquide
554 3749 728 3800 rescribatis.
750 3748 784 3798 ln
808 3748 862 3812 hiJs
885 3750 980 3799 autem
1000 3748 1173 3811 exequendis
1196 3761 1271 3799 unus
1290 3752 1416 3801 vestrum

185 3833 272 3883 alium
282 3831 327 3883 vel
340 3831 411 3882 alios
424 3846 480 3882 non
492 3835 630 3896 expectet.

218 3916 251 3967 In
261 3917 342 3966 cuius
355 3916 395 3978 rej
410 3916 603 3966 testimonium
615 3916 761 3981 presentes
773 3914 883 3965 litteras
892 3927 944 3978 per
956 3915 1082 3965 nostrum
1093 3913 1235 3965 notarium
1244 3912 1416 3979 inmascrip·

184 4003 244 4049 tum
257 3999 319 4063 flerj
333 3999 451 4049 fecimus
463 3999 493 4048 ct
505 3996 594 4063 sigilli
608 4001 697 4050 nostri
706 3998 862 4049 munimine
872 3997 1013 4061 roborari.

216 4082 318 4132 Actum
331 4084 360 4132 et
371 4082 467 4132 datum
481 4082 554 4145 apud
572 4079 725 4131 Castellum
748 4082 778 4131 in
797 4081 1000 4141 Cameracesio,
1024 4092 1098 4131 auno
1122 4078 1237 4130 Domini
1257 4077 1417 4132 millesimo

183 4174 244 4215 ccc⁰
256 4165 389 4215 vicesimo
400 4164 501 4224 tercio,
518 4165 674 4227 jndictione
686 4165 814 4228 septima,
834 4164 939 4214 mensis
951 4162 1097 4226 Februarij
1124 4162 1209 4226 xxilj⁸
1221 4161 1280 4224 die,
1299 4165 1417 4229 pontifi·
1433 4204 1437 4212 .

181 4251 260 4297 catus
272 4248 441 4298 sanctissimi
459 4246 489 4296 in
508 4245 619 4297 Christo
630 4247 720 4311 patris
733 4259 766 4296 ao
777 4245 884 4295 domini
905 4244 995 4295 nostri
1012 4243 1121 4295 domini
1141 4242 1295 4305 lobannis,
1313 4243 1419 4296 diuina

183 4329 362 4394 prouidentia
384 4343 456 4394 pape
477 4328 560 4392 xxijdi
583 4342 657 4380 anno
686 4330 796 4389 octauo,
825 4327 1005 4393 presentibus
1029 4325 1189 4379 venerabili
1214 4327 1278 4377 viro
1296 4326 1419 4379 domino

215 4595 249 4659 ,ly
266 4595 312 4645 Zie
325 4609 376 4646 ons
388 4594 454 4646 stuk
464 4604 493 4645 nr
507 4594 554 4645 175
565 4595 594 4645 in
606 4593 712 4661 Corpus
721 4593 746 4655 I,
760 4592 812 4644 bin.
825 4592 882 4644 171.
