3188 5340
192 539 242 595 llo
665 539 770 595 ANNO
787 537 931 594 lale-lano

194 707 405 763 remanentibus
427 706 518 759 cereis
540 706 569 758 in
597 704 978 773 locissupradictis.1ltsic
998 708 1174 761 revertentes
1195 721 1261 760 cum
1290 708 1408 775 predicta

194 792 373 846 ordinatione
383 795 476 847 vestes
484 803 549 844 suas
560 790 750 855 assumebant,
756 794 786 845 et
796 792 856 844 ibat
866 791 1059 856 uuusquisque
1068 792 1103 844 ad
1112 805 1164 844 sua
1175 805 1263 858 opera
1274 792 1405 845 iacienda

225 875 388 928 Transactis
399 876 495 927 autem
511 886 611 926 novem
622 873 722 926 diebus
732 873 930 939 processionis.
943 873 1054 926 decima
1070 873 1117 927 die
1133 886 1238 940 magna
1254 887 1324 940 pars
1340 874 1406 926 dicte

193 958 336 1011 societatis
347 957 377 1009 in
388 957 487 1009 habitu
504 970 554 1008 suo
571 955 759 1022 penitentiali,
776 969 860 1009 mane
876 956 974 1009 audita
989 957 1085 1019 missa,
1102 956 1216 1009 iverunt
1234 957 1270 1008 ad
1289 956 1406 1009 Mentem

192 1042 221 1095 S.
231 1039 372 1101 autberti,
382 1039 413 1091 et
423 1038 570 1091 redierunt
580 1038 761 1092 devotissime
769 1051 800 1090 se
815 1039 949 1105 gerentes
958 1039 988 1091 et
998 1036 1205 1104 aliquantulum
1216 1040 1405 1092 verberantes.

193 1123 378 1176 Devotionem
395 1115 493 1187 populi
514 1120 544 1171 in
563 1119 622 1171 illis
632 1120 732 1172 diebus
752 1135 807 1172 nou
827 1120 952 1173 valerem
969 1121 1094 1173 scribere
1111 1122 1161 1173 aut
1178 1133 1328 1184 enarmre,
1348 1122 1408 1186 quia

74 1218 83 1235 ⁴
192 1204 276 1258 multi
293 1205 422 1256 lecerunt
438 1203 542 1254 dictam
558 1203 745 1268 penitentiam
756 1202 848 1255 eundo
866 1202 901 1255 ad
912 1203 1020 1254 dictum
1028 1202 1154 1254 Mentem
1171 1202 1199 1255 S.
1217 1202 1353 1255 Autberti
1363 1216 1407 1268 per

192 1287 318 1354 spacium
327 1286 447 1352 triginta
454 1285 542 1337 trium
553 1285 672 1337 dierum.
686 1285 746 1337 Nec
754 1286 799 1338 est
809 1285 1041 1351 pretereundum,
1058 1284 1133 1350 quod
1150 1285 1180 1336 ln
1191 1282 1252 1336 illis
1262 1284 1365 1337 diebus
1380 1285 1406 1337 iu

191 1369 286 1436 patria
296 1368 444 1421 Hannonie
460 1367 490 1420 et
506 1367 536 1418 in
554 1367 661 1418 circum
678 1367 778 1419 vicinis
795 1366 953 1433 parrochiis
975 1369 1055 1420 tauta
1072 1368 1128 1419 tuit
1144 1367 1299 1419 commotio
1316 1363 1406 1433 populi

191 1452 327 1514 universi,
339 1451 414 1516 quod
425 1464 477 1516 per
488 1449 653 1515 parrochias
662 1450 692 1501 et
703 1451 852 1502 societates
861 1450 999 1516 portando
1008 1462 1132 1513 crucem,
1150 1447 1257 1502 vexilla
1267 1451 1299 1502 et
1315 1461 1405 1502 cemos

191 1537 226 1589 ad
244 1534 370 1588 blonwm
381 1534 410 1587 S.
430 1534 562 1586 Autberti
574 1533 660 1586 certis
672 1534 772 1587 diebus
783 1534 932 1587 dominicis
941 1536 971 1586 et
982 1533 1093 1587 festivis
1103 1531 1320 1592 conveniebant,
1332 1531 1361 1583 et
1369 1529 1405 1581 ibi

189 1618 390 1685 predicabatur
405 1618 522 1669 verbum
540 1617 603 1670 Dei.
616 1616 653 1668 Et
672 1617 768 1669 audivi
785 1618 820 1669 ab
837 1616 905 1681 illis,
924 1617 973 1681 qui
990 1618 1136 1682 presentes
1147 1614 1240 1678 eraut,
1252 1613 1331 1678 quod
1348 1611 1403 1680 plus

189 1713 274 1765 quam
286 1700 384 1752 decem
405 1698 486 1750 milia
502 1711 623 1764 persone
634 1712 690 1750 una
701 1699 747 1751 die
760 1699 865 1752 ibidem
876 1701 1078 1752 convenerunt.

221 1783 318 1835 Sciant
328 1781 427 1842 loturi,
439 1781 463 1831 si
473 1793 528 1846 ego
539 1780 642 1834 vellem
651 1781 806 1847 registrare
815 1782 919 1842 omnia,
933 1794 988 1846 que
1005 1779 1106 1832 inillis
1123 1779 1223 1832 diebus
1241 1778 1403 1832 eveniebant

189 1865 225 1918 de
239 1864 343 1916 talibus
360 1863 561 1929 penitentibus,
582 1865 612 1916 et
622 1877 677 1928 que
688 1864 724 1916 de
743 1865 791 1917 die
809 1865 838 1915 iu
862 1864 938 1916 diem
956 1864 1131 1924 accidebant,
1155 1875 1207 1914 nec
1230 1862 1337 1914 scirem
1357 1872 1401 1912 nec

188 1943 322 2006 valerem,
332 1946 362 1996 et
380 1943 466 1996 credo
477 1946 507 1996 et
522 1947 606 1996 teneo
623 1945 697 2009 quod
717 1944 799 1997 multi
815 1946 846 1996 in
866 1944 955 1997 latino
973 1946 1003 1996 et
1018 1944 1049 1996 in
1061 1941 1166 2010 gallico
1186 1942 1308 1995 {uerum
1326 1952 1401 2007 snper

187 2025 323 2093 predictis
334 2025 530 2091 registrantes,
543 2027 571 2077 et
583 2027 657 2090 quod
670 2026 738 2077 scivi
751 2027 780 2078 et
791 2024 895 2088 audivi,
909 2025 981 2077 illud
992 2024 1153 2092 registrari.

219 2107 308 2160 Etest
319 2107 473 2168 sciendum,
487 2108 561 2171 quod
571 2109 600 2159 in
609 2107 659 2159 illo
672 2122 745 2160 enno
758 2109 814 2160 tuit
831 2109 892 2160 dies
903 2107 1009 2166 natalis
1022 2104 1400 2166 DomiuiindieVeneris,et
1432 2173 1436 2183 .

187 2193 243 2244 tuit
254 2206 344 2245 annus
355 2193 503 2257 incipiens,
516 2193 669 2244 secundum
686 2192 792 2258 stylum
804 2193 884 2245 curie
896 2192 1053 2254 Romanae,
1072 2190 1249 2244 ansbvitate
1265 2198 1340 2252 quae
1354 2185 1398 2238 tuit

188 2276 249 2328 dies
265 2276 439 2338 Veneris,ut
458 2277 633 2328 dictumest.
657 2276 694 2328 Et
716 2277 758 2327 sic
779 2277 834 2328 luit
852 2291 942 2328 annus
963 2275 1231 2342 quinquagesimus3
1252 2275 1282 2325 et
1305 2267 1399 2334 incepit

187 2358 367 2426 indulgentia
378 2359 509 2412 ordinata
521 2359 660 2410 adomino
670 2373 780 2411 summo
790 2359 924 2424 pontifice
938 2357 1081 2411 Clemente
1090 2369 1164 2423 papa
1172 2356 1268 2419 sextc;
1277 2354 1309 2406 et
1317 2362 1395 2404 ceet-

186 2445 286 2494 verant
302 2440 392 2493 multa
408 2441 503 2506 mala3
522 2442 551 2494 et
562 2439 652 2493 multa
669 2442 876 2504 reserebantur,
890 2455 945 2506 que
954 2439 1041 2492 michi
1058 2453 1114 2491 uon
1131 2438 1198 2489 sunt
1214 2437 1276 2488 visa
1286 2431 1396 2501 posteris

184 2523 366 2586 demandare,
376 2523 466 2575 donec
474 2524 578 2575 veritas
591 2524 759 2589 ignotescat,
770 2523 848 2576 etsie
860 2522 1055 2590 registrationi
1064 2533 1127 2573 mee
1138 2533 1213 2586 pono
1225 2519 1323 2571 linem.

217 2609 297 2660 Anno
310 2606 410 2658 eodem
422 2605 572 2669 (MCOCL),
591 2606 620 2656 in
630 2606 723 2670 prima
732 2605 889 2657 ebdomada
901 2601 1191 2670 quadragesime,tuit
1200 2598 1393 2667 proclamabam

183 2687 296 2754 publice
308 2688 337 2739 ln
350 2689 413 2738 toro
433 2701 467 2739 ex
480 2689 561 2752 parte
573 2687 797 2753 gubernatorum
807 2687 941 2749 civitatis,
954 2685 1029 2751 quod
1042 2697 1139 2736 omnes
1150 2683 1322 2735 comanente
1331 2678 1394 2731 diets

183 2769 298 2836 publica
310 2770 469 2836 penitentia
485 2768 644 2821 voluntarie
662 2770 814 2834 assumpta,
832 2768 960 2834 alioquin
984 2780 1081 2819 omnes
1103 2766 1138 2818 de
1159 2766 1257 2818 cetero
1271 2762 1393 2816 iacientes

183 2853 219 2905 ad
239 2865 337 2906 omnes
354 2852 415 2904 dies
441 2852 634 2903 bannirentur.
660 2852 726 2903 Fuit
738 2853 825 2904 etiam
843 2865 877 2903 ex
899 2853 980 2915 parte
1003 2850 1081 2916 regis
1097 2848 1314 2915 proclamatum,
1332 2841 1392 2907 quod

184 2949 282 2988 omnes
293 2935 384 2987 eciam
395 2936 550 2996 canerent,
563 2934 631 2997 quia
646 2946 698 2985 rex
717 2947 765 2986 eos
777 2934 883 2985 sectam
894 2934 1013 2984 vocabat
1024 2934 1053 2983 iu
1068 2945 1120 2985 sua
1130 2931 1238 2993 littera,
1249 2930 1281 2982 et
1290 2928 1343 2981 boc
1351 2925 1392 2978 sub

183 3031 257 3084 pena
268 3017 435 3083 perditionis
447 3029 599 3080 corporum
611 3017 640 3066 et
659 3016 807 3067 bonorum.
820 3016 887 3068 Fuit
904 3015 995 3068 eciam
1012 3028 1048 3066 ex
1059 3016 1140 3080 parte
1157 3012 1266 3064 domini
1283 3005 1391 3078 episcopi

183 3099 380 3161 Tornacensis,
394 3099 504 3160 decani,
515 3097 632 3163 capituli
652 3100 681 3150 et
694 3098 918 3164 gubernatorum
927 3098 1049 3150 civitatis
1060 3096 1273 3159 concordatum,
1290 3092 1391 3160 quotu

181 3181 474 3235 secundaebdomada
486 3180 714 3246 quadragesime,
729 3193 784 3244 que
812 3181 867 3232 luit
885 3194 941 3232 nox
964 3180 1054 3232 sancti
1077 3179 1157 3231 Petri
1176 3179 1212 3231 ad
1232 3177 1390 3232 aalma

182 3264 212 3315 in
224 3265 345 3317 eeclesia
367 3264 394 3316 b.
418 3263 507 3314 llarie
525 3261 713 3315 Toruacensis
724 3265 934 3328 proponeretur
950 3262 1069 3315 verbum
1082 3261 1144 3324 Dei,
1162 3261 1289 3326 iecitque
1301 3269 1389 3312 sermo·

183 3359 248 3400 nem
260 3347 374 3398 curatus
386 3344 414 3398 S.
428 3344 514 3405 Piati,
527 3344 638 3408 luitque
648 3344 689 3395 ibi
701 3345 805 3410 iugens
823 3343 945 3409 populus
962 3344 1162 3409 congregatus,
1175 3342 1273 3408 ibique
1288 3339 1389 3393 manda·

183 3432 244 3481 turn
267 3428 374 3479 domini
396 3439 469 3492 pape
500 3439 552 3491 pro
570 3426 766 3491 penitentibus
791 3425 978 3492 divulgatum,
1000 3424 1078 3477 bulla
1097 3427 1191 3477 umen
1209 3438 1265 3477 uon
1282 3426 1388 3481 menn,

188 3509 392 3577 propterquod
405 3509 460 3560 tuit
472 3508 502 3558 in
513 3507 619 3573 populo
631 3521 760 3560 murmur
770 3522 913 3574 magnum.

216 3591 250 3644 lu
267 3591 342 3641 dicto
363 3591 458 3643 sutem
475 3601 605 3641 sermone
623 3590 716 3642 dictus
738 3591 853 3641 curatus
870 3587 1062 3656 indulgentias
1087 3586 1237 3655 generales
1255 3589 1344 3642 Rome
1363 3597 1389 3636 ac

183 3673 315 3726 basilicas
338 3674 368 3725 et
387 3673 534 3724 beatorum
554 3672 746 3737 apostolorum
766 3673 844 3725 Petri
862 3675 892 3726 et
920 3671 1003 3725 Pauli
1023 3686 1075 3737 per
1092 3673 1240 3724 dominum
1258 3667 1390 3739 papamd

182 3753 337 3821 collegium
354 3754 537 3806 concordatas
553 3755 702 3808 nuntiavit.
715 3756 741 3807 A
758 3753 833 3806 dicto
854 3756 950 3807 autem
962 3755 1008 3806 die
1019 3755 1178 3819 penitentes
1197 3753 1320 3821 predicti
1339 3761 1390 3805 cum

183 3851 287 3904 magno
299 3849 446 3889 murmure
455 3837 536 3888 iuviti
549 3840 739 3890 cessaverunt.

447 3949 603 4005 chronicon
616 3950 726 4019 lepide
736 3952 772 4006 Li
788 3952 897 4017 Mutata,
914 3950 1019 4006 abbatis
1034 3951 1062 4005 S.
1079 3951 1199 4006 Martbti
1213 3946 1390 4008 renuentia

477 4035 649 4101 nitgegeven
670 4036 741 4087 door
751 4035 779 4088 J.
791 4034 819 4088 J.
834 4036 950 4088 Desmet
967 4035 997 4086 iu
1014 4035 1069 4099 zljn
1088 4033 1193 4102 Corpus
1209 4031 1392 4087 emesena

472 4114 636 4182 lienem,
653 4117 716 4170 deel
734 4117 772 4181 11,
786 4117 838 4169 bla.
850 4118 909 4180 341,
925 4116 983 4180 342,
1001 4116 1119 4170 346361.
1137 4116 1173 4169 In
1190 4131 1243 4170 ons
1261 4115 1364 4186 Corpus
1381 4107 1395 4164 l

478 4198 541 4264 (bla.
556 4199 675 4265 teclae)
686 4201 740 4265 siju
758 4199 936 4268 belaugrtjlre
947 4200 1075 4266 plaatsen
1086 4199 1130 4251 uit
1140 4198 1208 4253 deae
1225 4196 1395 4253 untekeme

478 4282 549 4334 brou
565 4284 614 4335 ten
627 4283 763 4335 ourechte
774 4282 966 4350 weggelaten3
978 4283 1094 4336 daarom
1102 4280 1219 4334 worden
1230 4280 1297 4335 bier
1307 4281 1344 4335 de
1352 4281 1397 4334 uit·

482 4364 606 4418 treksels
623 4378 692 4418 over
704 4366 740 4418 de
757 4365 988 4419 Nederlaudsche
1004 4363 1170 4418 Gesselaars
1186 4363 1317 4433 volledig
1331 4365 1399 4432 alge

476 4447 618 4510 drukt,na
628 4444 1401 4516 aorgvuldigopbetBrusselscbhaudschriitm‘lwlb

473 4531 515 4594 77,
525 4530 575 4582 tol.
588 4530 675 4598 21-45)
685 4531 947 4598 gecollationneenl
958 4532 987 4583 te
997 4531 1052 4596 rljn
1063 4531 1197 4597 geweest
1217 4530 1262 4586 De
1272 4529 1403 4586 tusscben

477 4610 506 4681 []
519 4611 677 4681 geplaatste
697 4615 830 4668 voorden
855 4611 1012 4679 ontbqeken
1035 4613 1065 4665 in
1087 4611 1405 4684 Desmct’suitgavem
