3188 5340
182 467 235 522 104
665 466 770 523 ΔΝΝΟ
787 465 930 521 ῙΒΦ-Ιῶθ

185 633 221 685 de
238 632 366 684 Tornaoo
383 634 504 683 formam
526 632 692 698 penitentie,
716 645 771 697 que
795 633 882 685 debat
891 633 927 685 ab
945 631 1004 685 illis
1024 635 1074 699 qui
1091 637 1231 688 venerant
1245 637 1278 688 in
1300 636 1394 689 civita-

183 717 250 777 tem,
267 716 404 779 ceperunt
420 713 526 766 babere
543 714 721 767 devotionem
732 715 762 766 in
775 716 893 777 tantum,
912 717 987 780 quod
1004 718 1065 769 tere
1086 717 1237 784 quingenti
1253 720 1395 786 sexaginta

182 798 213 850 et
235 797 359 862 quinque
374 797 430 848 viri
441 796 485 849 vel
497 797 612 849 circiter
623 811 654 849 se
664 797 802 862 paulatini
815 798 1019 865 adunaverunt,
1036 801 1066 851 et
1086 801 1184 852 mutuo
1198 801 1394 864 astrinxerunt,

183 881 218 933 de
229 879 346 933 licentia
367 880 458 930 eciam
474 880 697 945 gubernatorum
717 880 850 942 civitatis,
863 883 893 932 et
904 883 1114 946 proposuerunt
1126 883 1217 945 exire,
1241 884 1272 935 et
1288 885 1333 936 ire
1353 898 1397 950 per

183 963 305 1029 spatium
314 963 434 1028 triginta
444 962 530 1013 trium
548 962 667 1020 dierum.
681 963 716 1013 ad
729 962 890 1028 exemplum
912 965 941 1015 et
952 964 1043 1016 instar
1064 963 1204 1029 aliorum3
1218 967 1395 1032 omnibusque

183 1044 350 1098 necessariis
366 1045 421 1095 sibi
433 1045 463 1095 iu
476 1045 620 1109 proposito
632 1046 661 1096 et
672 1045 702 1095 in
713 1046 789 1096 iacto
812 1046 980 1109 preparatis,
992 1046 1124 1097 exierunt
1140 1046 1175 1098 de
1192 1047 1310 1099 civitate
1333 1048 1395 1100 teria

183 1128 312 1191 secunda,
324 1126 353 1177 in
366 1128 448 1178 nocte
459 1127 526 1177 testi
548 1127 704 1190 nativitatis
721 1127 848 1193 Virginis
860 1126 996 1193 gloriose,
1009 1128 1039 1178 et
1049 1130 1179 1180 iecerunt
1190 1129 1315 1194 primam
1327 1143 1394 1181 suam

182 1210 368 1275 penitentiam
390 1209 420 1260 in
439 1211 512 1269 toro,
526 1210 574 1260 ubi
594 1207 745 1261 multitudo
763 1209 860 1273 populi
879 1210 941 1260 erat
960 1212 1142 1276 congregata.
1163 1211 1200 1263 nt
1216 1213 1353 1263 exeuntes
1367 1213 1395 1264 de

183 1293 305 1353 civitate,
324 1292 437 1344 ivcmnt
452 1305 550 1342 versus
560 1290 657 1342 villam
669 1291 854 1343 Insulenscm.
868 1291 935 1344 Dies
948 1294 1044 1344 autem
1062 1294 1092 1344 in
1109 1307 1165 1357 qua
1180 1295 1340 1357 rediemnt,
1351 1295 1396 1345 tuit

182 1373 211 1423 in
223 1372 346 1423 crastino
359 1373 433 1423 beati
453 1372 581 1436 Dyonisii
598 1373 741 1437 martyris,
754 1387 809 1436 que
826 1373 882 1423 tuit
898 1373 959 1424 dies
979 1373 1098 1435 sabbati,
1119 1375 1309 1439 penitentiam
1326 1391 1393 1428 suam

181 1455 211 1506 in
223 1453 401 1505 toroilladic
413 1454 551 1517 iaciendo,
566 1457 595 1505 ct
609 1455 639 1505 in
660 1455 794 1515 crastino,
813 1468 868 1519 que
886 1456 942 1506 tuit
958 1456 1019 1508 dies
1031 1456 1184 1519 dominica,
1205 1459 1266 1510 tota
1285 1460 1394 1511 societas

181 1537 268 1587 ritum
285 1535 401 1586 solitum
411 1535 548 1588 iacientes
571 1537 662 1588 eundo
680 1539 710 1588 ct
728 1537 883 1600 redeundo,
899 1538 1013 1589 iverunt
1025 1539 1060 1589 ad
1081 1538 1208 1591 Mentem
1220 1539 1249 1592 Β.
1262 1542 1391 1593 notberti.

182 1617 288 1670 Verum
299 1617 433 1681 estquod
454 1621 530 1669 lania
547 1618 609 1679 init,
625 1619 736 1683 quando
758 1620 898 1681 exierunt,
919 1621 993 1683 quod
1012 1621 1066 1686 ipsi
1089 1622 1166 1673 irent
1187 1636 1241 1688 per
1256 1622 1393 1676 hauriam

183 1700 325 1765 usquead
344 1700 575 1752 suessionensem
595 1701 753 1765 civitatem3
775 1702 824 1754 sed
836 1715 925 1766 quare
942 1715 999 1753 non
1016 1703 1128 1755 iverunt
1148 1704 1178 1755 et
1198 1717 1251 1770 per
1267 1716 1324 1770 que
1343 1704 1393 1757 loca

182 1787 231 1837 aut
248 1781 330 1835 villas
347 1783 522 1834 transierunt
539 1785 568 1834 et
586 1795 621 1835 ea
637 1796 692 1847 que
712 1784 766 1834 sibi
784 1784 958 1848 acciderunt,
978 1799 1033 1837 non
1055 1787 1176 1839 interest
1191 1799 1256 1839 mea
1266 1786 1341 1840 scine
1354 1785 1393 1840 'aut

182 1867 324 1918 scribere:
343 1865 397 1930 ipsi
419 1864 479 1916 Deo
491 1866 520 1915 et
539 1866 643 1916 mundo
665 1866 847 1931 reddantpro
860 1878 891 1919 se
909 1868 978 1933 ipsis
999 1869 1147 1921 rationem.
1162 1869 1255 1922 Duces
1266 1870 1392 1921 eorumet

182 1948 323 2012 capitanci
336 1949 451 1997 luerunt
462 1945 547 1998 electi
561 1947 597 1998 de
609 1949 736 1999 omnium
748 1962 886 2000 consensu
899 1949 953 2001 viri
966 1950 1092 2014 discreti,
1109 1950 1257 2004 ,lohannes
1267 1951 1303 2003 de
1314 1950 1390 2017 Lyeu-

183 2032 273 2091 court,
298 2030 432 2095 armiger,
445 2027 591 2080 lohannes
604 2029 727 2090 Mackes,
739 2029 885 2083 lohannes
897 2031 1067 2084 Wauckiers
1078 2033 1108 2084 et
1122 2032 1247 2085 lacobus
1263 2033 1299 2085 de
1310 2032 1390 2085 ltalia

183 2127 234 2180 pro
247 2110 402 2163 wilhelmo
415 2110 532 2175 Pestiel,
542 2112 577 2162 ad
594 2124 693 2176 preces
716 2115 812 2165 autem
828 2114 965 2178 prepositi
983 2115 1013 2166 et
1028 2115 1253 2180 gubernatorum
1270 2115 1387 2166 civitate

182 2195 268 2247 Prior
278 2195 378 2244 domus
389 2193 510 2244 fratrum
527 2193 562 2244 de
583 2194 683 2245 ordine
704 2194 729 2243 b.
753 2195 918 2262 Augustini,
939 2197 1082 2260 assumpto
1102 2210 1159 2248 uno
1178 2197 1267 2257 socio,
1290 2197 1389 2248 iverint

184 2290 248 2328 cum
265 2277 371 2329 eisdem
394 2290 458 2327 cum
474 2277 583 2327 duobus
604 2277 669 2328 aliis
685 2277 851 2343 presbiteris
867 2277 1042 2330 secularibus
1055 2279 1090 2330 ad
1107 2279 1279 2332 audiendum
1296 2281 1389 2330 contes-

184 2360 278 2412 siones
290 2360 328 2422 et,
340 2360 365 2410 si
381 2372 496 2411 necesse
508 2362 591 2420 esset,
605 2363 782 2412 sacramenta
800 2360 1025 2413 ministrandum.
1039 2361 1118 2413 Unus
1135 2363 1232 2414 autem
1253 2361 1389 2414 canonieus

182 2431 210 2493 d.
230 2441 361 2494 Nicbolai
381 2442 417 2493 de
431 2442 535 2504 Pratis‚
548 2444 662 2493 vocatus
674 2442 791 2508 tigidius
800 2442 963 2506 monachus,
976 2444 1141 2496 societatem
1153 2444 1195 2496 eis
1206 2444 1300 2496 tenuit
1307 2444 1341 2496 de
1351 2454 1390 2494 sua

182 2525 337 2577 voluntate.

119 2631 123 2639 ·
215 2607 289 2659 Miro
301 2609 384 2659 modo
404 2612 433 2661 et
445 2609 639 2671 inenarrabili,
660 2611 715 2661 viri
735 2623 768 2661 ac
784 2609 919 2661 mulieres
939 2610 1081 2664 seculares
1098 2612 1159 2661 toto
1170 2609 1222 2661 illo
1234 2608 1389 2676 temporein

182 2692 290 2742 tantam
301 2692 480 2743 devotionem
492 2691 674 2753 devenerunt,
688 2693 762 2756 quod
771 2707 828 2744 non
840 2692 884 2744 est
894 2691 979 2744 taoile
999 2694 1034 2744 ad
1047 2693 1230 2753 credendum,
1244 2692 1312 2757 quia
1320 2689 1388 2743 mulii

182 2774 212 2825 et
231 2772 320 2824 multe
342 2773 475 2825 instinctu
499 2774 605 2836 divino,
631 2773 686 2825 boc
705 2774 781 2826 Deus
807 2774 863 2836 det,
888 2774 1068 2826 mutaverunt
1091 2786 1157 2825 suas
1180 2780 1274 2827 vestes
1302 2777 1331 2825 et
1350 2784 1390 2824 sur

183 2856 350 2906 ornamenta
365 2857 395 2906 et
418 2854 541 2920 plurime
561 2855 696 2908 mulieres
713 2853 841 2906 habitum
860 2855 962 2921 cepitis
979 2856 1168 2917 mutaverunt,
1181 2868 1291 2907 cornua
1309 2868 1357 2907 sua
1368 2853 1390 2905 et

183 2935 329 2988 baucettas
341 2937 516 3001 deponendo,
525 2938 687 3002 jnramenta
697 2939 787 2990 eciam
799 2937 1171 3004 consueta,deflgurationes
1181 2935 1268 2989 Jhesu
1280 2936 1391 2989 crude

183 3020 245 3083 elus
265 3019 436 3083 passionum,
460 3019 579 3084 virginis
608 3019 698 3071 Maris
727 3021 756 3071 et
773 3020 898 3071 omnium
924 3021 1085 3070 sanctorum
1113 3019 1297 3083 dimittend03
1322 3016 1389 3069 ludos

185 3100 348 3153 taxillorum
366 3103 395 3151 et
412 3100 483 3152 alios
500 3100 582 3154 ludos
599 3101 647 3152 ubi
666 3101 758 3153 taxilli
779 3114 895 3153 currere
915 3100 1044 3153 solebant
1060 3102 1254 3165 dimittentes;
1276 3100 1389 3158 chores,

183 3183 340 3236 cantilenas
364 3182 523 3235 luxuriosas
547 3187 577 3236 et
599 3184 688 3235 multa
704 3184 779 3236 levia
795 3187 824 3235 et
846 3183 1005 3245 inhonesta,
1026 3198 1081 3248 que
1109 3184 1299 3236 communiter
1323 3181 1390 3235 eraut

183 3267 328 3327 consueta,
338 3265 466 3318 totaliter
475 3267 653 3327 omittentem
664 3266 783 3317 cessavit
795 3267 885 3316 ceiam
896 3266 973 3316 lama
983 3267 1203 3317 fornicationum
1215 3268 1246 3318 et
1254 3263 1390 3318 adulterio

184 3362 248 3400 rum
256 3349 382 3399 virorum
394 3361 427 3399 ac
438 3347 589 3399 mulierum
603 3349 632 3399 in
642 3350 749 3412 aperto.
763 3349 800 3400 Et
809 3346 880 3400 Deus
889 3347 977 3400 Israel
986 3349 1126 3399 custodiat
1135 3349 1220 3401 istam
1231 3350 1391 3403 uoluntatem

185 3432 214 3481 et
226 3430 425 3494 perseverandi
438 3431 486 3481 det
508 3431 640 3495 gratiam.
660 3430 781 3481 Multum
798 3431 874 3481 enim
891 3432 935 3481 est
954 3430 1218 3493 commendandum,
1237 3432 1313 3503 quod
1331 3428 1392 3498 peni·

185 3513 304 3563 tentiam
320 3512 457 3564 iacientes
470 3514 499 3563 et
510 3513 545 3563 ad
565 3512 725 3577 exemplum
734 3526 832 3564 eorum
849 3513 1050 3578 quamplurimi
1062 3513 1261 3567 condonabant
1272 3518 1302 3568 et
1312 3512 1393 3567 indul·

184 3595 290 3660 gebant
307 3608 427 3660 guerras
451 3595 541 3646 motas
556 3596 632 3645 inter
643 3597 747 3659 partes,
762 3599 790 3646 et
800 3595 854 3645 hoc
863 3597 917 3646 luit
927 3597 957 3646 in
970 3595 1099 3646 'l'ornaco
1112 3597 1182 3648 etin
1194 3598 1315 3650 diversis
1325 3596 1393 3649 locis.

218 3677 255 3728 Et
263 3679 306 3728 est
315 3678 469 3739 sciendum,
476 3678 560 3742 quod,
572 3676 638 3728 licet
647 3679 676 3727 in
686 3676 736 3727 illo
746 3680 874 3742 tempore
882 3678 983 3729 suisset
992 3678 1072 3729 tanta
1079 3680 1232 3730 commotio
1241 3679 1395 3733 iacientium

184 3759 380 3824 penitentiam,
393 3760 425 3810 ut
436 3762 479 3810 est
490 3760 607 3821 dictum,
618 3762 777 3810 nontamen
795 3758 849 3810 hoc
860 3760 947 3811 flebat
957 3760 987 3811 in
1005 3762 1065 3811 tota
1082 3759 1204 3811 Francia
1220 3775 1274 3814 nec
1290 3762 1321 3814 in
1342 3761 1397 3815 aliis

185 3842 282 3906 regnis
293 3842 499 3906 etregionibus
511 3843 651 3907 superius,
673 3842 727 3893 nisi
746 3843 775 3892 in
793 3841 936 3904 illandria,
956 3843 1096 3905 ilanonia,
1117 3841 1280 3896 Brabancia
1296 3846 1326 3897 et
1341 3843 1397 3897 aliis

184 3919 350 3985 regionibus
362 3919 542 3971 tendentibus
554 3933 651 3973 versus
664 3921 855 3974 Occidentem.

219 4001 279 4066 Ego
303 4001 398 4068 autem
420 4002 485 4052 dum
506 4003 632 4054 scribere
648 4003 788 4054 faciebam
806 4005 979 4069 supradicta,
995 4006 1120 4057 occurrit
1136 4004 1223 4058 michi
1235 4008 1266 4059 et
1276 4009 1356 4061 veuit
1370 4005 1400 4059 ad

186 4083 352 4135 memoriam
376 4085 577 4148 prenosticatio
600 4086 730 4151 magistri
752 4085 890 4138 lobannis
919 4089 954 4139 de
983 4088 1082 4150 ituris,
1111 4090 1253 4153 quomodo
1275 4089 1347 4141 dicit
1366 4087 1403 4139 ibi

185 4166 262 4218 inter
277 4168 382 4228 cetera,
404 4168 637 4219 comminationes
658 4167 805 4220 stellarum
823 4174 851 4220 et
867 4169 1055 4235 planetarum,
1073 4172 1149 4235 quod
1165 4172 1405 4225 essetdemuctio

185 4250 335 4310 sectarum,
354 4249 455 4300 seditio
467 4249 646 4313 populorum,
657 4251 729 4301 ritus
743 4265 840 4314 novus,
858 4253 1006 4317 epidemie.
1028 4253 1065 4305 Et
1081 4253 1194 4306 videtur
1213 4253 1315 4316 michi,
1335 4252 1407 4319 quod

186 4332 241 4382 isto
258 4345 331 4383 anno
353 4330 542 4382 Mcocxfflx
560 4333 690 4396 predicta
700 4336 856 4385 evenerunt
866 4349 917 4399 pro
934 4336 1038 4400 majori
1050 4340 1141 4401 parte,
1160 4337 1235 4388 sicut
1252 4337 1411 4389 andivimus

185 4415 214 4462 et
225 4412 346 4464 vidimus
368 4414 398 4464 iu
418 4413 558 4476 Tornaco‚
579 4415 647 4479 quia
670 4417 747 4466 secta
765 4416 922 4479 dudeomn,
939 4418 1110 4483 ubicumque
1127 4419 1194 4470 sunt
1212 4419 1325 4484 reperti
1336 4420 1411 4473 inter

181 4492 359 4557 christianos,
372 4495 509 4546 destructi
520 4497 587 4546 sunt
597 4509 649 4562 per
660 4496 787 4549 diversos
807 4500 958 4553 cruciatus.
980 4500 1100 4566 Insuper
1117 4501 1261 4566 apparitio
1280 4503 1412 4568 peniten-
