3256 5324
681 499 786 554 ANNO
806 500 947 553 latuisse

707 712 758 783 rs
782 704 910 804 (197⁷).

239 907 428 980 13494350,
454 903 692 973 Nouensiles
707 921 749 971 cn
768 902 972 991 &antrih
997 904 1180 980 Uittreksal
1203 904 1254 973 uit
1275 906 1316 973 da
1338 906 1417 973 kro-

195 1004 264 1094 uijk
275 1027 341 1074 vau
358 1007 421 1074 den
437 1006 677 1097 gelijktijdigsu
694 1009 870 1094 vervolger
884 1027 925 1094 op
942 1007 1128 1076 Guillaume
1142 1008 1183 1075 de
1198 1008 1323 1094 Nangis
1338 1028 1418 1076 over

200 1108 234 1175 ds
248 1109 456 1179 Geeselaars.
470 1141 513 1158 -
525 1111 571 1196 Zij
595 1110 743 1179 bloeiden
767 1111 801 1177 iu
826 1110 1048 1192 Duitsehland,
1069 1110 1291 1191 Vlanudereu,
1310 1112 1418 1180 Hene-

201 1233 333 1300 gouwen
350 1233 393 1280 en
415 1213 616 1303 Lotherrijk,
646 1234 737 1281 mear
764 1215 916 1282 kwameu
940 1215 1008 1283 niet
1032 1235 1115 1281 naar
1138 1214 1245 1304 Parijs
1273 1216 1358 1283 noch
1382 1215 1416 1283 in

203 1319 383 1409 Frankrijk.
403 1321 699 1408 Dsgodgeleerden
715 1321 776 1389 der
796 1321 964 1410 Parijsche
988 1322 1208 1408 hougeschool
1222 1321 1415 1391 behwamen

206 1447 259 1496 ran
270 1427 335 1495 den
352 1427 488 1515 kuning,
506 1428 563 1495 dat
579 1428 624 1517 hij
643 1429 683 1497 de
705 1428 898 1496 Geeselaars
922 1429 970 1497 uit
993 1428 1059 1517 zijn
1075 1428 1268 1518 kouinkrijh
1284 1431 1414 1499 houden

208 1551 266 1600 ion.
291 1529 339 1618 Zij
364 1530 488 1598 aoudsu
505 1530 569 1599 ook
592 1531 696 1598 boden
712 1552 775 1600 anu
791 1531 852 1599 deu
870 1551 964 1618 psus,
982 1532 1045 1611 die,
1065 1552 1106 1619 op
1129 1532 1188 1601 het
1210 1532 1414 1621 madungen

208 1636 253 1704 iar
264 1633 497 1721 linogeschool,
512 1633 553 1701 de
567 1634 760 1702 Geeselaars
781 1635 1025 1703 vereordseide.
1044 1636 1089 1704 Te
1103 1638 1200 1704 recht
1216 1637 1412 1723 geschiedds

211 1736 256 1815 tit,
269 1737 347 1803 daar
361 1737 403 1826 aij
430 1737 504 1804 veel
520 1736 692 1824 ketterijen
716 1738 975 1806 rondstrooiden.
1002 1740 1048 1805 De
1070 1738 1284 1829 geestelijksu
1310 1741 1414 1809 under

212 1844 261 1912 hen
274 1838 523 1927 oudarwierpsn
539 1840 611 1908 sich
623 1861 663 1908 eu
678 1839 868 1909 hokwamen
885 1839 1075 1928 vergiffenis
1090 1842 1123 1912 iu
1139 1843 1164 1908 's
1180 1862 1303 1930 puussn
1317 1864 1414 1912 naam

214 1963 261 2012 un
273 1943 385 2010 hunne
399 1942 560 2030 prelatsn.
580 1944 661 2011 Vesl
677 1963 836 2012 vrouwsn
852 1964 969 2012 namen
985 1943 1047 2011 ooli
1063 1944 1135 2013 desi
1151 1965 1214 2014 aau
1237 1945 1279 2013 de
1301 1946 1411 2016 hews-

216 2048 283 2136 ging,
307 2044 360 2114 die
382 2046 518 2134 spoedig
537 2046 742 2114 onderdrukt
765 2047 870 2115 werd.

240 2170 308 2221 huno
320 2168 434 2221 Domini
439 2168 511 2232 1³49,
522 2169 643 2222 durante
654 2169 898 2237 adhucpraedicta
908 2170 1082 2226 mortalitate
1094 2172 1167 2224 etde
1187 2171 1297 2225 villain
1313 2170 1412 2225 viliam

217 2251 501 2316 ultennsprocedentc,
513 2253 699 2305 surrexerunt
710 2250 792 2303 multi
801 2252 855 2303 riri
866 2252 902 2304 de
910 2251 1079 2318 Allemauia,
1088 2253 1123 2306 tle
1132 2253 1277 2318 Flandria,
1286 2253 1322 2306 de
1334 2253 1410 2306 ilau-

219 2335 281 2388 uonia
294 2337 323 2387 et
337 2333 375 2387 de
391 2334 580 2402 iotharingia
596 2349 697 2388 noram
713 2336 822 2388 sectam
838 2336 1007 2388 auctoritate
1023 2337 1140 2402 propria
1156 2334 1339 2388 inchoantes:
1350 2349 1415 2388 nem

220 2417 364 2470 nnumin
376 2416 565 2470 femoralibus
576 2432 629 2484 per
641 2417 765 2483 hospitia
776 2419 805 2469 et
816 2416 925 2483 plateas
936 2418 1083 2470 civitatum
1092 2419 1122 2470 et
1133 2418 1272 2471 bonarum
1282 2416 1416 2470 villarum

220 2498 376 2565 omnisgnis
385 2500 569 2552 societatibus
581 2502 611 2552 et
623 2498 725 2552 turmis
735 2500 905 2552 incedebant
918 2499 996 2563 nudi,
1008 2513 1072 2552 cum
1084 2499 1207 2566 flagellis
1219 2499 1414 2566 conglobiunti

219 2579 441 2648 pncessionalite'r
454 2583 484 2634 et
500 2581 680 2635 circulariter
701 2595 732 2634 sc
743 2583 820 2648 ipsos
837 2581 944 2634 aculeis
956 2582 1116 2648 affligentes
1136 2581 1285 2646 jubilando
1298 2583 1414 2634 vocibus

219 2664 519 2717 annunciantium
537 2664 692 2717 cantilenas
709 2679 760 2716 suo
777 2665 847 2716 ritui
863 2667 943 2731 aptas
960 2667 990 2717 et
1010 2665 1121 2716 noviter
1138 2665 1320 2729 adinventas;
1332 2667 1362 2717 et
1372 2664 1413 2716 sic

219 2748 389 2813 pruessemnt
407 2761 461 2813 per
475 2746 581 2799 multas
603 2746 687 2799 villas
701 2760 755 2813 per
770 2747 892 2813 triginta
913 2750 972 2800 tres
989 2748 1059 2810 dies,
1078 2760 1184 2813 magna
1205 2747 1368 2813 spectacula
1384 2747 1413 2798 in

218 2826 515 2894 populinmirantibus
525 2829 672 2890 iacientes,
683 2829 886 2893 poenitentiam
897 2828 983 2882 talem
996 2830 1124 2895 agentes,
1131 2841 1162 2880 se
1170 2829 1247 2895 ipsos
1255 2841 1308 2894 per
1318 2830 1414 2894 spatu-

218 2909 275 2961 hsst
284 2909 418 2964 bracchia
425 2909 548 2977 flagellis
559 2908 697 2962 aculeatis
708 2922 798 2974 usque
809 2910 844 2961 ad
856 2911 1004 2977 sanguinis
1017 2910 1185 2962 salamonem
1195 2910 1301 2962 acriter
1311 2909 1413 2962 verbe·

238 3073 349 3126 Pennus
360 3076 458 3128 autem
468 3089 525 3126 nou
535 3076 675 3127 venerunt
685 3088 778 3140 neque
790 3077 825 3128 ad
834 3076 929 3144 partes
941 3074 1101 3128 Gallicanas
1110 3074 1247 3142 prohibiti
1259 3089 1311 3141 per
1322 3075 1412 3129 ‹lomi-

216 3168 367 3222 nunregem
376 3157 578 3222 Franciae,qui
588 3156 689 3219 noluit,
698 3157 866 3210 ethociecit
877 3157 912 3210 tle
923 3156 1043 3209 consilio
1053 3157 1412 3224 magistrorumintheolo-

215 3237 448 3303 prumiensitatis
460 3239 640 3304 Parisieusis,
659 3240 815 3293 dicentium
836 3241 912 3304 quod
934 3253 1008 3292 nova
1026 3242 1104 3293 secta
1126 3242 1188 3293 erat
1205 3243 1305 3294 contra
1321 3240 1411 3295 Deum

163 3376 165 3384 ,
213 3319 321 3372 imhoata
335 3322 367 3372 et
377 3321 479 3373 contra
488 3321 610 3374 termam
625 3323 740 3378 amotae
757 3323 858 3376 matris
875 3321 1029 3386 Ecclesiae,
1047 3324 1077 3375 et
1095 3324 1196 3375 eontra
1212 3322 1333 3376 salutem
1349 3324 1410 3376 ani·

211 3404 435 3456 nuumommnm
453 3405 588 3471 ipsorum,
601 3405 675 3457 siem
685 3418 787 3458 revera
802 3419 901 3458 verum
918 3409 961 3459 est
978 3407 1009 3459 et
1018 3407 1089 3468 erat,
1102 3409 1134 3458 ut
1145 3406 1238 3472 patuit
1254 3407 1323 3459 satis
1339 3407 1406 3459 cito.

212 3486 266 3538 liam
278 3486 410 3538 (lominus
420 3499 495 3552 papa
505 3485 634 3542 clemens
645 3486 684 3539 v1
706 3489 742 3540 de
758 3487 813 3540 hoc
830 3490 910 3541 tutuo
922 3502 994 3540 novo
1012 3489 1069 3540 ritu
1086 3501 1138 3553 per
1158 3489 1310 3556 magistros
1326 3490 1406 3542 Pari·

211 3568 304 3631 names,
316 3569 368 3634 qui
384 3569 422 3620 ad
440 3582 507 3621 eum
527 3571 642 3622 nunhos
658 3572 823 3623 reverenter
844 3571 990 3633 miserant,
1009 3570 1139 3637 plenarie
1152 3571 1332 3635 informatus,
1345 3585 1411 3623 cum

209 3651 266 3702 asset
283 3653 382 3703 centra
399 3652 466 3717 iura
481 3652 681 3705 damnabiliter
699 3653 860 3716 adinventa,
881 3667 929 3706 eos
947 3653 1157 3720 Flagellatores
1169 3655 1221 3706 sub
1239 3655 1413 3707 auctoritate·

208 3731 332 3797 prohibuit
342 3734 374 3785 et
380 3733 527 3798 prohiberi
539 3735 617 3796 tecit,
630 3748 667 3787 ue
678 3734 713 3788 tle
725 3738 838 3788 coetero
850 3735 922 3789 tales
933 3734 1061 3801 publicas
1074 3718 1266 3802 poinitentias
1278 3751 1296 3789 a
1306 3738 1408 3804 seipsis

210 3816 420 3881 praesumptuose
440 3817 597 3882 assumptas
617 3817 739 3883 amplius
761 3820 936 3871 exercerent.
964 3851 967 3857 ,
993 3879 995 3884 .

233 3896 262 3948 lli
275 3898 373 3950 merito
384 3897 519 3962 inhibuit,
531 3899 667 3965 quiajam
678 3900 860 3953 inveniebant
870 3901 942 3953 isles
954 3899 1172 3967 Flagellatores,
1186 3902 1252 3953 iulti
1264 3901 1405 3967 aliquibus

209 3975 377 4031 acerdotibus
395 3981 482 4032 istuis
507 3983 536 4032 et
553 3981 706 4048 religiosis,
727 3984 818 4035 sectas
837 3996 971 4036 erroneas
988 3985 1017 4036 et
1034 3983 1124 4036 malas
1143 3986 1228 4049 atque
1256 3986 1405 4052 opiniones

207 4060 360 4127 deceptorius
375 4062 452 4115 ultra
468 4064 590 4116 modum.
609 4064 682 4117 Nam
693 4066 833 4127 dicebaut,
843 4065 1029 4131 qucn‘corum
1039 4067 1157 4132 sanguis
1174 4068 1216 4119 sic
1227 4080 1279 4134 per
1291 4066 1407 4133 flagella

208 4144 298 4196 motus
307 4147 334 4197 et
345 4145 449 4197 eiiusus
460 4159 525 4198 cnm
536 4145 641 4198 christi
652 4149 791 4214 sanguine
803 4148 984 4212 miscebatur,
997 4150 1027 4200 et
1038 4148 1128 4201 multa
1144 4149 1202 4201 alia
1218 4162 1339 4202 erronea
1346 4149 1406 4214 jam

212 4226 402 4279 adinveniebant
410 4227 441 4279 et
452 4227 594 4292 dicebant,
607 4229 681 4294 quod
690 4231 782 4282 minus
794 4231 866 4283 bene
877 4231 906 4282 et
914 4231 1007 4282 minus
1015 4244 1084 4284 sane
1093 4232 1129 4283 ad
1140 4231 1227 4304 fldem
1238 4230 1408 4284 catholicam

215 4309 344 4371 spectabm,
359 4310 432 4362 uude
449 4310 523 4362 sicut
539 4324 557 4363 a
572 4312 683 4379 seipsis,
701 4314 730 4364 et
745 4326 833 4365 nona
850 4313 920 4376 Deo,
937 4314 1016 4365 iatue
1039 4314 1226 4379 incoeperunt
1241 4329 1248 4377 ;
1261 4315 1303 4366 sic
1320 4314 1407 4366 etiam
1425 4382 1428 4388 Ι

216 4402 298 4442 eorum
307 4393 374 4444 secia
384 4393 494 4445 stritus
505 4394 582 4446 inira
594 4395 679 4447 breve
695 4396 806 4463 tempus
824 4395 859 4470 ad
871 4395 992 4449 nihilum
1004 4397 1112 4450 redacti
1125 4400 1201 4460 sunt,
1219 4399 1287 4464 quia
1304 4398 1404 4450 moniti
1426 4452 1427 4455 ,

221 4471 368 4537 satiarunt,
384 4473 590 4529 absolutionem
606 4479 636 4530 et
651 4479 856 4544 poenitentiam
877 4493 895 4532 a
913 4481 972 4532 suis
988 4478 1123 4547 praelatis
1141 4494 1177 4534 ex
1188 4483 1270 4547 parte
1293 4480 1402 4534 domiui

226 4566 298 4619 papae
307 4557 334 4610 ie
343 4557 497 4624 hujusmodi
505 4572 605 4614 errore
615 4549 763 4615 humiliter
780 4552 967 4628 acceptantes.
1143 4582 1145 4587 ·
