3188 5340
182 462 217 513 70
259 458 263 466 '
696 457 801 513 ANNO
819 455 884 510 1³12

183 627 344 677 constitutis
363 638 518 690 eorumque
540 624 662 691 singulis
679 625 725 677 vel
743 626 924 690 procuratori
941 640 990 679 seu
1002 630 1234 693 procuratoribus
1246 631 1416 684 eorumdem

183 709 310 772 eiusdem
330 708 437 758 ordinis
449 708 538 771 ipsius
556 706 712 772 Hospitalis
729 709 845 761 nomine
862 710 973 761 etiamsi
994 710 1063 762 dicti
1079 713 1190 777 priores
1211 716 1416 779 praeceptores

183 794 213 842 et
223 793 326 842 tratres
345 791 434 854 ipsius
447 789 603 855 Hospitalis
616 792 645 841 et
656 792 857 855 procuratores
875 792 1001 857 ipsorum
1013 795 1152 846 eteorum
1169 795 1290 860 quilibet
1309 810 1327 847 a
1338 797 1414 848 dicto

183 873 321 938 magistro
344 873 432 936 ipsius
456 872 611 937 Hospitalis
629 874 793 924 mandatum
816 888 906 938 super
928 874 982 926 hoc
1004 876 1167 941 specialiter
1188 892 1245 928 non
1263 878 1413 939 haberent,

183 956 334 1007 dummodo
355 956 554 1020 procuratores
582 955 721 1019 praedicti
750 969 767 1007 a
792 956 876 1006 dictis
898 958 1041 1022 prioribus
1063 961 1092 1009 et
1112 960 1348 1024 praeceptoribus
1369 960 1414 1012 vel

183 1051 282 1090 eomm
304 1036 426 1103 singulis
443 1038 473 1087 in
491 1038 646 1101 provinciis
667 1040 696 1088 et
717 1039 857 1102 partibus,
883 1040 912 1089 in
935 1041 1038 1103 quibus
1063 1039 1224 1105 hujusmodi
1252 1043 1366 1107 priores
1387 1047 1416 1094 et

183 1123 382 1186 praeceptores
394 1120 542 1170 extiterint
554 1120 693 1184 deputati,
706 1121 870 1171 mandatum
889 1134 976 1185 super
993 1121 1047 1173 hoc
1063 1122 1214 1174 habuerint
1228 1123 1273 1176 vel
1286 1125 1414 1176 ostende

182 1203 243 1254 rint
250 1200 382 1267 speciale.
392 1200 446 1261 Qui
458 1216 555 1254 omnes
564 1204 593 1254 et
603 1201 721 1267 singuli,
730 1203 864 1255 videlicet
876 1204 989 1267 priores
1000 1206 1030 1256 et
1046 1209 1247 1270 praeceptores
1258 1209 1287 1258 et
1298 1209 1412 1270 iratres,

184 1285 260 1337 dicto
271 1285 421 1350 magistro,
430 1286 629 1349 procuratores
640 1299 708 1337 vero
726 1286 848 1350 predicti
864 1286 972 1337 eisdem
987 1289 1132 1352 prioribus
1144 1291 1173 1341 et
1180 1291 1414 1355 praeceptoribus

184 1379 340 1432 eorumque
354 1366 486 1433 singulis,
499 1368 631 1432 aquibus
643 1381 730 1433 super
742 1367 787 1418 his
797 1370 904 1419 luerint
913 1369 1052 1434 deputati,
1062 1369 1177 1434 plenum
1188 1384 1275 1436 super
1283 1373 1413 1422 omnibus

184 1449 283 1516 gestis,
314 1450 394 1513 actis,
418 1452 541 1515 receptis
563 1453 592 1502 et
613 1451 772 1515 procuratis
800 1465 852 1515 per
878 1463 927 1502 eos
956 1451 1167 1515 quomodolibet
1183 1455 1214 1504 in
1238 1453 1294 1504 hac
1322 1455 1411 1520 parte,

184 1534 347 1597 computum
381 1535 409 1585 et
436 1534 575 1584 rationem
600 1545 707 1598 ponere
730 1535 759 1585 et
780 1534 900 1585 reddere
917 1536 1087 1599 teneantur;
1110 1548 1221 1588 necnon
1237 1549 1348 1597 omnes,
1366 1536 1412 1600 qni

185 1614 309 1666 scienter
328 1615 545 1679 occupatoribus
558 1617 587 1666 et
605 1615 800 1666 detentoribus
817 1614 984 1680 praelibatis
1001 1616 1031 1666 in
1048 1617 1232 1681 occupatione
1256 1617 1302 1670 vel
1320 1619 1412 1671 deten-

185 1695 262 1748 tione
271 1696 434 1761 hujusmodi
442 1697 575 1748 dederint
583 1696 745 1758 consilium,
755 1696 894 1748 auxilium
906 1696 952 1748 vel
962 1699 1099 1760 favorem,
1110 1699 1224 1763 publice
1235 1701 1283 1752 vel
1293 1702 1413 1765 occulte,

186 1780 508 1842 excommunicationis3
536 1779 663 1845 capitula
687 1793 765 1840 vero,
789 1778 912 1845 collegia
935 1794 985 1831 seu
1004 1784 1160 1834 conventus
1177 1782 1367 1837 ecclesiarum
1386 1787 1413 1836 et

185 1864 432 1923 monasteriorum,
447 1875 556 1913 necnon
574 1863 774 1914 universitates
791 1862 949 1923 civitatum,
961 1867 1129 1925 castrorum,
1151 1864 1287 1917 villarum
1298 1867 1329 1918 et
1345 1866 1413 1918 alio·

185 1957 250 1996 rum
267 1944 396 1996 locorum
414 1946 443 1997 et
461 1945 536 2009 ipsas
549 1946 687 2008 civitates,
709 1948 812 2006 castra,
829 1944 913 1995 villas
931 1946 961 1995 et
977 1944 1050 2007 loca,
1072 1959 1144 2010 quae
1156 1947 1186 1998 in
1202 1946 1249 1999 his
1260 1947 1414 2013 culpabilia

186 2027 344 2088 extiterint,
359 2039 392 2077 ac
404 2027 491 2078 etiam
502 2027 640 2087 civitates,
653 2029 747 2078 castra
758 2029 786 2077 et
799 2024 871 2088 loca,
885 2027 914 2077 in
927 2027 1030 2090 quibus
1043 2028 1206 2080 detentores
1217 2031 1247 2081 et
1264 2033 1413 2097 occupato·

185 2121 233 2161 res
244 2109 407 2174 hujusmodi
419 2109 575 2161 dominium
588 2110 764 2160 obtinuerint
780 2107 948 2174 temporale,
960 2110 985 2159 si
997 2108 1160 2174 hujusmodi
1177 2111 1286 2164 domini
1303 2119 1414 2180 tempo·

184 2190 261 2244 rales
272 2192 302 2243 in
314 2192 481 2244 dimittendo
500 2193 574 2243 bona
586 2192 731 2257 praedicta
748 2193 778 2243 et
800 2191 976 2243 restituendo
1000 2191 1052 2243 illa
1070 2194 1209 2258 magistro
1227 2196 1258 2245 et
1277 2196 1416 2248 tratribus

185 2274 294 2326 ordinis
305 2276 334 2326 et
343 2272 498 2338 Hospitalis
507 2275 635 2338 eiusdem
646 2274 760 2325 nomine
773 2270 929 2337 Hospitalis
939 2273 1029 2336 ipsius
1039 2273 1216 2326 obstaculum
1227 2275 1415 2340 abhibebunt,

186 2357 216 2409 et
235 2357 312 2408 inira
328 2358 434 2408 dictum
457 2370 583 2408 mensem
596 2357 630 2408 ab
649 2355 812 2420 huiusmodi
828 2356 992 2420 praemissis
1004 2369 1060 2406 non
1078 2355 1250 2420 destiterint,
1264 2360 1418 2425 postquam

186 2452 272 2505 super
283 2438 347 2500 hoc,
360 2442 393 2490 ut
409 2439 614 2503 praemittitur,
633 2439 740 2489 inerint
757 2438 899 2501 requisiti,
920 2438 981 2501 ipso
999 2438 1075 2488 iacto
1100 2438 1247 2490 interdicti
1265 2443 1418 2493 sententiis

186 2520 365 2574 decernimus
376 2522 524 2586 subiacere
535 2538 542 2584 ς
562 2534 579 2572 a
590 2522 692 2584 quibus
710 2519 819 2572 absolvi
830 2534 887 2571 non
905 2520 1022 2584 possint,
1044 2520 1134 2571 donec
1146 2534 1232 2586 super
1243 2520 1289 2572 his
1300 2521 1418 2587 plenam

187 2605 218 2657 et
233 2605 357 2657 debitam
366 2604 588 2657 satisfactionem
597 2604 759 2654 curaverint
778 2602 924 2654 exhibere.
937 2601 974 2653 Et
992 2601 1177 2654 nihilominus
1188 2607 1377 2670 occupatores
1388 2607 1419 2657 et

187 2687 349 2739 detentores
377 2686 548 2751 hujusmodi,
578 2685 623 2737 vel
642 2688 819 2750 praestantes
842 2685 959 2748 eisdem,
981 2687 1013 2735 ut
1041 2686 1245 2749 praemittitur,
1264 2686 1418 2750 auxilium,

185 2768 336 2820 consilium
353 2769 398 2822 vel
414 2772 550 2832 favorem,
564 2771 622 2821 sive
639 2769 800 2835 singulares
816 2781 964 2833 personae,
981 2769 1040 2820 sive
1062 2769 1197 2834 capitula,
1215 2768 1343 2836 collegia
1364 2783 1417 2822 seu

186 2853 341 2903 conventus
350 2852 535 2905 ecclesiarum
544 2856 573 2904 et
582 2852 1071 2903 monasteriorumacuniversitates
1079 2852 1236 2914 civitatum,
1244 2854 1419 2914 castrorum,

187 2935 329 2985 terrarum
347 2933 392 2986 vel
411 2935 532 2987 aliorum
549 2934 677 2986 locorum
691 2934 848 2993 extiterint,
861 2936 976 2997 praeter
991 2946 1097 2998 poenas
1113 2935 1315 2999 praescriptas,
1327 2936 1420 2986 omni-

187 3016 249 3078 bus,
267 3030 339 3080 quae
357 3030 374 3068 a
390 3016 521 3068 Romana
537 3016 582 3069 vel
594 3016 660 3069 aliis
677 3015 805 3068 ecclesiis
824 3016 1047 3079 quibuscumque
1059 3018 1158 3067 tenent
1168 3018 1199 3068 in
1209 3016 1339 3079 feudum,
1355 3019 1420 3083 ipso

186 3098 262 3150 iacto
279 3097 458 3150 decernimus
475 3101 538 3151 iore
559 3101 684 3164 privatos
704 3100 763 3149 sive
780 3099 908 3163 privata3
926 3099 968 3149 ita
979 3098 1054 3162 quod
1074 3098 1109 3150 ad
1126 3099 1271 3160 ecclesias,
1291 3101 1329 3152 ad
1347 3115 1421 3166 quas

188 3182 327 3246 spectant,
345 3180 397 3233 illa
408 3181 499 3233 libere
512 3183 574 3234 sine
586 3181 812 3233 contradictione
824 3180 920 3245 aliqua
933 3181 1133 3238 revertantur:
1152 3193 1307 3246 eorumque
1320 3183 1420 3236 eocle·

188 3263 295 3315 siarum
314 3263 436 3328 praelati
464 3265 523 3316 sive
549 3267 675 3316 rectores
697 3264 732 3315 de
750 3264 819 3327 ipsis
844 3277 897 3327 pro
920 3276 972 3313 sua
991 3262 1136 3314 voluntate
1153 3264 1313 3328 disponant,
1343 3267 1423 3318 sicut

189 3345 307 3398 utilitati
318 3344 505 3398 ecclesiarum
524 3348 650 3412 ipsorum
668 3346 793 3396 viderint
814 3345 959 3410 expedire.
979 3343 1058 3395 Nulli
1078 3357 1158 3410 ergo,
1176 3348 1231 3397 eto.
1252 3349 1421 3400 nostrorum

188 3427 358 3489 donationis,
376 3428 576 3489 concessionis,
594 3428 720 3489 unionis,
741 3427 988 3491 incorporationis,
1009 3425 1217 3492 applicationis,
1235 3430 1421 3492 annexionis,

190 3508 401 3569 reservationis,
431 3508 619 3571 inhibitionis,
641 3508 795 3560 voluntatis
827 3511 857 3560 et
883 3510 1094 3560 constitutionis
1119 3511 1288 3576 intringere,
1314 3511 1373 3562 etc.
1392 3512 1423 3564 Si

189 3590 262 3654 quis,
280 3591 334 3641 etc.
768 3591 771 3598 '

223 3671 327 3724 Datum
339 3673 475 3734 Viennae,
488 3676 568 3725 sexto
580 3687 669 3725 nonas
682 3673 761 3736 Maii,
776 3673 957 3738 pontificatus
969 3675 1059 3725 nostri
1071 3687 1145 3726 anno
1153 3675 1284 3740 septimo.

452 3787 555 3850 blansi,
569 3785 700 3850 Οοησίὶία,
711 3787 774 3840 deel
783 3787 873 3850 XXV,
886 3788 938 3839 blz.
951 3787 1071 3840 matt.

684 3985 737 4052 42
761 3977 915 4074 (173²“u

236 4181 328 4253 1312,
362 4178 438 4246 Mei
466 4183 516 4253 16,
545 4177 708 4245 Leberoni
732 4177 785 4265 (t),
820 4175 953 4243 besdum
983 4176 1136 4243 Valcnce.
1162 4176 1223 4242 Bul
1249 4195 1315 4242 van
1347 4179 1423 4246 Cle·

192 4301 284 4348 mens
297 4281 340 4360 V,
360 4281 490 4367 gericht
506 4286 556 4347 tot
572 4278 740 4348 Robrecht
755 4301 818 4347 van
833 4279 994 4357 Bethana,
1009 4279 1177 4363 graasvan
1191 4280 1421 4362 Vlaanderen‚

192 4404 273 4450 over
287 4383 327 4451 de
349 4382 551 4470 berittingen
576 4383 635 4450 der
659 4383 919 4471 Tempelridders
943 4382 977 4447 in
1000 4382 1065 4470 zijn
1090 4380 1299 4470 graafschap.
1316 4417 1361 4431 -
1377 4387 1426 4454 De

184 4508 265 4576 pane
289 4486 473 4567 herinnert,
492 4486 549 4554 dat
577 4486 623 4576 hij
649 4487 689 4554 de
718 4487 796 4555 orde
813 4487 871 4555 der
888 4487 1148 4575 Tempelridders
1163 4489 1306 4576 onlangs
1321 4489 1426 4575 heeft
