3188 5340
181 468 234 521 406
698 465 803 522 ANNO
822 466 886 518 141⁰

184 635 380 702 principalem,
399 647 495 687 coram
512 635 588 687 dicto
609 633 723 687 dominc
736 633 886 697 cardinali,
898 633 994 688 iudice
1011 633 1041 686 et
1051 635 1260 699 commissario,
1272 636 1406 691 iudiciali·

183 721 229 772 ter
245 719 457 783 comparentem
475 715 620 769 nonnullis
631 718 846 783 exceptionibus
862 717 939 769 tacto
955 717 986 769 in
1003 717 1118 783 scriptis
1134 718 1209 771 datis
1226 721 1257 772 et
1276 720 1405 772 exhibitis

184 815 218 854 ac
235 802 338 853 deinde
358 815 409 865 per
427 801 534 851 dictum
545 800 715 866 magistrum
732 799 928 852 Everbardum
939 800 1050 862 Sacae,
1061 801 1257 866 promotorem
1268 815 1322 854 seu
1333 803 1406 854 insti·

186 885 315 949 gatorem
334 883 431 945 officii,
452 895 548 933 coram
567 883 628 947 ipso
646 882 761 933 domino
779 879 927 943 cardinali,
940 881 1035 934 iudice
1051 883 1083 934 et
1099 884 1306 946 commissario,
1326 886 1405 938 etiam

185 967 214 1017 in
237 966 341 1017 iudicio
362 965 577 1029 comparentem
596 953 718 1039 quadam
735 963 873 1029 petitione
893 965 1050 1016 summaria
1066 963 1162 1017 oblata
1177 965 1345 1019 huiusmodi
1359 968 1405 1019 sub

185 1049 302 1099 tenore:

218 1131 318 1181 cpetit
332 1131 479 1193 promotor
496 1129 526 1181 et
544 1128 697 1194 instigator
713 1128 744 1179 in
766 1128 819 1180 hac
839 1141 925 1180 causa
943 1141 997 1193 per
1015 1142 1074 1191 vos,
1093 1131 1363 1183 reverendissimum
1379 1133 1404 1184 in

185 1213 297 1266 Christo
314 1199 434 1276 patrem,
454 1212 600 1262 dominum
618 1211 741 1262 iudicem
760 1213 791 1262 et
810 1212 1038 1263 commissarium
1058 1212 1224 1276 specialiter
1244 1214 1405 1279 deputatam

71 1348 74 1353 ⁴
184 1297 362 1358 vestramque
379 1294 558 1345 diffinitivam
579 1295 749 1345 sententiam
766 1294 957 1357 pronuntiari,
975 1295 1101 1356 decerni,
1123 1295 1253 1347 ordinari
1273 1297 1305 1348 et
1322 1297 1406 1348 decla·

184 1378 261 1430 rari:
280 1375 475 1428 Tractatulum
494 1389 544 1428 seu
562 1374 692 1428 libellum
710 1377 740 1426 ct
756 1374 953 1428 conclusiones
964 1376 1121 1441 prehensas
1133 1378 1316 1442 supradictos
1327 1380 1406 1430 luisse

185 1462 215 1513 et
231 1473 293 1512 esse
313 1461 342 1510 in
351 1459 410 1511 ilde
422 1459 545 1511 elbonis
557 1458 683 1510 moribus
695 1471 841 1518 erroneos,
852 1458 1042 1520 scandaloscs
1055 1459 1220 1522 iniuriosos,
1233 1462 1406 1525 temerarios,

184 1544 416 1608 presumptuoscs
432 1542 601 1606 piarumque
617 1541 730 1592 aurium
747 1541 908 1602 ostensivos,
927 1540 1098 1594 hereticales
1115 1544 1145 1594 et
1164 1541 1293 1595 heresim
1303 1545 1406 1608 sapien·

185 1628 238 1687 tes,
258 1638 366 1677 necnon
384 1626 460 1689 ipsos
485 1626 518 1676 ut
541 1622 613 1676 tales
638 1623 842 1688 dampnandos,
861 1623 1055 1687 reprobandos
1080 1626 1111 1676 et
1130 1625 1307 1688 afficiendos,
1329 1628 1358 1678 et
1376 1629 1404 1677 ut

187 1707 259 1760 tales
275 1708 442 1759 cremandos
460 1708 523 1758 tore
540 1719 574 1758 ac
590 1719 643 1771 per
658 1720 708 1757 vos
725 1706 884 1770 dampnari,
902 1707 1063 1770 reprobari,
1081 1707 1156 1758 abici
1173 1711 1202 1759 et
1220 1710 1331 1773 precipi
1347 1723 1406 1760 con·

187 1791 319 1852 cremari,
337 1789 466 1841 districte
483 1787 637 1840 inhibendo
655 1788 766 1852 pretato
783 1788 867 1838 tratri
885 1786 1000 1839 Matheo
1017 1789 1048 1839 et
1066 1789 1283 1853 quibuscunque
1296 1790 1406 1842 Christi·

186 1873 317 1926 fidelibus
337 1874 388 1924 sub
413 1872 601 1925 anathematis
626 1871 856 1923 incriminatione
883 1885 915 1923 ac
935 1871 999 1922 aliis
1024 1871 1096 1923 iuris
1116 1875 1208 1937 penis,
1233 1888 1269 1926 ne
1289 1876 1344 1940 ipsi
1364 1878 1407 1926 aut

187 1957 347 2021 quicunque
359 1953 434 2006 alter
450 1954 557 2004 dictum
574 1950 758 2004 tractatulum
774 1965 824 2004 seu
846 1952 975 2004 libellum
992 1965 1025 2004 ac
1043 1954 1242 2007 conclusiones
1259 1956 1408 2020 prehensas

187 2024 335 2090 contentas
347 2038 375 2088 in
386 2036 487 2088 eodem
499 2035 602 2087 audeat
614 2036 648 2086 de
658 2036 753 2086 cetero
767 2034 968 2100 dogmatizare,
979 2048 1119 2097 asserere,
1131 2039 1303 2102 approbare,
1317 2040 1407 2090 tenere

186 2122 231 2173 vel
255 2121 422 2183 delensare;
444 2119 560 2183 insuper
576 2116 639 2182 pari
656 2119 751 2168 vestra
768 2118 909 2169 sententis
927 2118 1108 2182 pronuntiari
1124 2121 1153 2171 et
1170 2118 1332 2172 declarari:
1346 2123 1407 2176 Pre·

185 2207 277 2256 iatum
296 2204 415 2255 tratrem
436 2202 590 2262 Matbeum,
617 2212 653 2251 ue
675 2213 728 2264 per
748 2198 910 2251 huiusmodi
929 2201 1198 2272 dogmatizationem
1229 2204 1260 2255 in
1284 2207 1407 2270 predicto

187 2302 238 2339 suo
255 2284 353 2338 libello
371 2286 403 2336 ut
422 2282 472 2336 tali
493 2283 646 2348 reprobato
664 2285 693 2334 et
710 2281 916 2346 condempnato
928 2285 1127 2335 contentorum
1139 2283 1212 2335 alios
1230 2287 1261 2337 et
1278 2289 1406 2353 precipue

187 2370 281 2434 ipsum
302 2367 439 2434 populum
458 2367 662 2432 potissimeque
688 2363 831 2429 simplices
853 2365 883 2415 in
907 2365 1000 2430 opidis
1019 2368 1049 2417 ct
1076 2366 1240 2419 civitatibus
1268 2371 1406 2434 provincie

188 2453 373 2514 coloniensis,
397 2451 520 2503 maxime
536 2451 566 2501 in
589 2449 697 2501 diocesi
719 2449 897 2501 Traiectcnsi
916 2449 1081 2511 existentes,
1099 2449 1176 2502 inter
1194 2465 1283 2516 quem
1297 2454 1327 2506 et
1342 2469 1406 2519 euos

187 2535 296 2588 versari
313 2536 390 2587 visus
406 2534 460 2594 est,
478 2533 626 2599 contingat
645 2532 675 2583 in
693 2530 857 2583 scandalum
874 2529 995 2583 ecclesie
1011 2531 1042 2583 et
1058 2533 1159 2584 contra
1177 2534 1247 2586 lidei
1264 2537 1405 2590 veritatem

187 2619 382 2682 bonorumque
399 2629 510 2667 morum
527 2614 766 2680 periculosissime
783 2612 920 2666 seducere
938 2616 968 2666 ct
984 2627 1173 2677 commovere,
1189 2617 1221 2669 et
1238 2618 1311 2671 utet
1323 2621 1405 2673 donec

187 2701 331 2766 apparent,
341 2713 376 2751 an
386 2700 416 2750 in
425 2699 489 2751 lucc
501 2711 536 2750 an
549 2698 578 2748 in
587 2697 714 2750 tenebris
722 2696 856 2759 ambulet,
866 2710 934 2748 eum
941 2697 1186 2762 incarcerandum‚
1196 2713 1273 2764 pane
1282 2702 1404 2755 dolorum

116 2833 121 2845 ,
187 2786 217 2836 et
236 2796 310 2847 aqua
328 2782 461 2847 angustie
477 2779 702 2841 sustentandum,
719 2781 751 2830 ut
768 2779 920 2831 commissa
937 2779 1041 2831 defleat
1057 2782 1087 2832 et
1107 2781 1202 2834 denda
1218 2783 1341 2837 ulterius
1356 2800 1404 2838 ron

170 2861 354 2923 'committat
376 2865 449 2915 etsi
466 2864 572 2915 saniori
589 2877 657 2914 usus
673 2861 794 2913 consilio
810 2861 880 2913 velit
898 2862 934 2913 ad
951 2862 1089 2914 unitatem
1101 2862 1223 2917 ecclesie
1235 2880 1309 2930 puro
1327 2869 1403 2920 corde

186 2952 216 3002 et
235 2949 291 3000 ilde
309 2962 365 2998 non
383 2948 449 2998 dcta
465 2946 571 3006 redire,
592 2959 657 2997 eum
676 2946 710 2996 ad
733 2944 932 3005 obturandum,
949 2944 1140 2997 revocandum
1162 2948 1192 2998 et
1214 2948 1402 3002 detestamur

188 3044 299 3084 omnem
316 3031 472 3082 hereticam
495 3028 665 3093 pravitatem
683 3030 712 3079 ct
731 3028 882 3092 presertim
903 3040 1016 3096 exnunc
1036 3028 1221 3082 tractatulum
1247 3014 1285 3084 et‘
1297 3033 1402 3085 conclu·

188 3115 282 3165 aiones
302 3114 425 3164 assertam
441 3111 620 3175 supradictos
637 3108 790 3162 secundum
806 3111 928 3175 lormam
950 3111 1045 3163 eidem
1066 3124 1118 3176 per
1142 3127 1193 3164 vos
1212 3116 1401 3182 assignasdm

187 3195 300 3261 publice
312 3199 341 3247 et
353 3193 539 3259 solempniter
550 3192 777 3257 compellendum
789 3195 851 3244 tore
863 3194 893 3245 et
912 3207 965 3258 per
975 3208 1025 3246 vos
1035 3194 1169 3260 compelli
1180 3196 1303 3262 sibique,
1321 3198 1401 3262 quoad

186 3279 301 3339 vixerit,
324 3278 463 3338 civitates,
482 3275 567 3340 opida
583 3276 613 3327 ct
629 3275 757 3327 dioceses
773 3276 919 3340 provincie
937 3275 1124 3338 Coloniensis,
1136 3279 1262 3332 maxime
1278 3281 1400 3332 dioeoein

185 3361 397 3413 Traiectensem
408 3371 461 3423 per
469 3373 518 3408 vos
528 3357 670 3418 interdici,
680 3371 716 3409 ne
728 3358 765 3409 sd
773 3370 821 3408 eas
832 3357 967 3423 deinceps
979 3359 1095 3412 accedat
1106 3359 1151 3412 vel
1163 3362 1299 3429 attingat,
1311 3364 1400 3428 quovis

186 3445 296 3508 querito
306 3441 412 3502 colore,
423 3442 475 3492 sub
485 3453 559 3505 pena
570 3442 708 3504 perpetue
725 3440 957 3493 incarcerationis
966 3441 1029 3493 sine
1039 3454 1089 3506 spe
1102 3441 1223 3496 alicuius
1235 3446 1400 3497 remissionis

186 3539 295 3578 necnon
313 3523 378 3576 aliis
391 3524 462 3575 iuris
479 3523 569 3588 penis,
593 3534 663 3585 quas
675 3523 737 3588 ipso
751 3524 826 3574 lacto
838 3523 975 3587 incurrat,
988 3523 1013 3574 si
1024 3524 1229 3577 contrateoerit
1239 3529 1270 3578 et
1280 3530 1400 3581 noscstvu

185 3609 358 3671 incurrisse;
377 3608 402 3658 si
421 3620 489 3659 vero
510 3606 546 3657 ad
566 3606 657 3670 ipsam
677 3604 797 3657 ecclesie
814 3605 953 3657 unitatem
973 3618 1009 3657 ex
1026 3607 1112 3658 corde
1129 3620 1201 3671 puro
1219 3623 1277 3660 non
1297 3611 1399 3661 rediens
1452 3602 1453 3606 ’

185 3691 216 3742 et
232 3689 450 3750 abiurationem,
466 3687 686 3746 revocationem,
698 3684 916 3738 detestationem
928 3688 958 3737 et
969 3687 1097 3739 iniuncta
1107 3687 1162 3739 sibi
1171 3689 1305 3743 mandata
1316 3703 1398 3757 supra

186 3772 263 3823 dicta
282 3785 338 3822 non
355 3770 520 3830 servaverit,
540 3768 715 3821 recusaverit
731 3767 777 3821 rel
799 3755 960 3836 neglexerit
977 3770 1015 3830 et,
1039 3771 1131 3834 quoad
1151 3769 1217 3836 hoc,
1235 3776 1329 3826 vestre
1348 3787 1399 3825 sen·

186 3855 276 3906 tentio
304 3866 406 3918 parere
431 3852 639 3918 subterfugerit
663 3852 756 3917 ipsum
782 3852 927 3916 tamquam
953 3851 1113 3904 hereticum
1138 3853 1353 3920 degradandum
1376 3856 1399 3906 et

185 3938 345 3989 eruendum
357 3938 385 3987 in
395 3937 488 3987 torma
499 3935 618 3987 ecclesie
628 3936 759 3987 omnibus
771 3936 871 3987 ordine
885 3937 915 3987 et
926 3935 1017 4002 gradu
1030 3935 1232 3989 ecclesiasticis
1250 3952 1284 3991 ac
1294 3937 1397 3992 brachio

186 4018 307 4074 seculari
325 4018 544 4082 relinquendum
569 4019 632 4069 iore
656 4018 807 4080 declarari,
834 4031 867 4070 sc
885 4016 957 4071 alias
982 4019 1023 4080 in,
1049 4019 1084 4070 dc
1105 4020 1135 4071 et
1160 4033 1248 4085 super
1266 4021 1398 4086 premissis

186 4103 317 4154 omnibus
335 4104 364 4152 et
380 4100 502 4167 singulis
520 4100 575 4150 sibi
593 4100 655 4151 fleri
674 4101 746 4164 petit
764 4115 816 4164 per
833 4114 882 4151 vos
902 4100 1012 4153 iustitis
1029 4099 1281 4166 complementum.

220 4206 231 4231 ι
247 4185 390 4236 Promissa
398 4184 489 4249 igitur
497 4182 570 4246 petit
578 4181 669 4233 dictus
681 4185 828 4247 promotor
839 4197 889 4234 seu
912 4183 1067 4249 instigator
1075 4185 1252 4238 coniunctim
1262 4188 1292 4239 ct
1300 4188 1399 4239 divisim

187 4268 353 4320 melioribus
365 4266 458 4326 modo,
471 4265 527 4326 via,
539 4277 625 4315 causa
635 4267 665 4316 et
676 4266 778 4328 torma,
796 4266 899 4329 quibus
915 4265 1017 4317 melius
1029 4266 1060 4317 et
1070 4267 1214 4319 efficacius
1225 4271 1285 4334 peti
1297 4271 1401 4336 posunt

188 4352 217 4399 et
234 4349 357 4412 valeant,
373 4349 499 4400 vestrum
509 4349 633 4412 desuper
651 4345 806 4413 benignum
817 4349 944 4401 officium
959 4345 1108 4401 humiliter
1124 4348 1317 4416 implorando,
1334 4352 1400 4406 salso

187 4431 250 4482 iure
262 4431 393 4494 addendi,
405 4430 562 4493 minuendi,
574 4429 702 4481 mutandi
712 4431 741 4481 et
752 4431 924 4497 corrigendi,
937 4432 1005 4494 etc,
1024 4433 1054 4496 et
1070 4432 1258 4497 protestatur,
1276 4437 1309 4489 ut
1319 4435 1403 4489 luitet

189 4515 233 4565 cst
250 4513 371 4566 moris..
1344 4523 1346 4526 ’
