3188 5340
648 533 753 590 ANNO
771 534 915 589 lwlbbt)
1350 544 1399 598 ιω

181 701 345 770 adimpletis,
361 714 461 754 omnes
478 702 557 754 ibant
573 703 603 754 in
620 700 715 768 platea
730 702 863 767 civitatis,
880 704 983 758 divites
1000 707 1030 757 et
1047 719 1188 773 pauperes
1206 713 1396 776 exspectando

178 789 198 839 si
216 787 323 852 aliquis
342 799 391 839 eos
408 786 543 839 invitaret
559 788 609 839 aut
626 789 742 839 vocaret
759 788 794 840 ad
814 801 896 841 suum
912 787 1076 856 hospitium.
1106 789 1143 843 lit
1167 793 1209 843 sic
1231 794 1343 848 invitati
1369 799 1400 850 et

176 870 264 922 rocstl
280 869 452 922 recedebant
476 868 513 920 de
531 867 649 921 licentia
672 870 866 935 superiorum
884 870 914 922 et
935 883 1000 923 oum
1025 884 1081 924 non
1103 874 1211 926 vocatis
1233 878 1396 942 superiores

174 953 368 1012 remanebant,
380 950 470 1003 donee
481 950 576 1002 essent
587 950 694 1016 recepti
707 951 737 1002 in
750 949 898 1016 hospiciis.

201 1033 264 1087 Nec
271 1032 377 1098 aliquis
385 1043 486 1084 eornm
493 1032 606 1096 poterat
616 1031 764 1085 comedere
773 1033 823 1083 aut
834 1044 982 1084 remanere
993 1032 1023 1084 in
1038 1047 1094 1085 uno
1103 1033 1178 1098 loco,
1189 1037 1244 1089 uisi
1256 1052 1313 1093 una
1323 1041 1397 1106 vioe,

171 1120 221 1172 sut
235 1118 299 1170 suls
315 1115 484 1181 sumptibus,
500 1115 526 1168 sl
536 1113 600 1180 plus
611 1114 803 1178 remanerent,
820 1115 951 1167 iaciendo
963 1117 1060 1168 tamen
1072 1116 1147 1172 deut
1163 1119 1193 1171 in
1208 1120 1267 1173 suis
1285 1123 1396 1179 ordina·

169 1200 297 1254 tionibus
309 1197 478 1264 supradietis
494 1197 664 1250 continetur.
683 1196 720 1249 Iit
737 1197 872 1263 quamdiu
884 1197 939 1249 luit
950 1199 1065 1264 tempus
1084 1213 1216 1254 amenum
1234 1205 1263 1255 et
1280 1205 1396 1269 siceum,

168 1283 300 1350 predicta
316 1281 347 1333 in
363 1278 466 1346 plateis
482 1279 595 1346 publice
611 1280 769 1343 faciebant,
792 1280 905 1345 quando
923 1282 1020 1334 autern
1036 1283 1114 1334 venit
1133 1284 1244 1349 tempus
1261 1283 1395 1351 pluviale,

169 1369 237 1418 tnnc
256 1364 288 1416 in
312 1361 451 1424 ecdesiis,
474 1361 605 1416 claustris
624 1363 674 1414 aut
690 1361 855 1414 diversoriis
877 1366 1019 1428 coopertis
1048 1364 1203 1418 iaciebant.
1233 1365 1301 1426 Quis
1328 1382 1397 1423 sane

170 1447 285 1508 mentia,
303 1447 385 1512 iuxta
401 1445 670 1511 prenosticationem
686 1444 817 1511 magistri
834 1443 974 1497 lobannis
994 1446 1029 1499 de
1059 1446 1158 1511 Muris,
1187 1446 1317 1513 predicta
1341 1462 1397 1500 non

170 1529 282 1582 diceret
292 1540 356 1581 esse
367 1528 454 1580 rimm
467 1540 570 1578 novum
579 1528 609 1578 et
620 1526 828 1592 apparitionem
839 1526 1062 1593 prophetarumi

200 1606 522 1676 Deccmsoncpopuls
547 1607 738 1670 rosacensis,
759 1608 1396 1679 uirorumacmaltoamccctiomymtden

170 1701 376 1746 cctrmrscrum
392 1692 423 1742 in
433 1689 503 1757 festo
518 1691 709 1757 processionis,
723 1688 797 1758 qaod
807 1689 910 1757 festum
921 1689 957 1744 dc
967 1691 1170 1746 macine
1185 1695 1217 1745 in
1228 1692 1273 1746 dic
1283 1691 1396 1745 ecolis-

169 1771 678 1836 mmmmmakbmcmt
690 1771 1009 1827 comdemnasse
1026 1776 1136 1830 donate
1150 1777 1248 1844 pranis
1264 1774 1396 1828 mortali-

169 1866 213 1912 tas
223 1866 251 1912 ct
261 1856 401 1911 mbos
412 1853 520 1908 cotidie.

202 1941 304 1995 Audeo
321 1940 427 2002 dicare,
439 1938 469 1991 et
479 1952 532 2004 pro
543 1950 622 1999 sero,
636 1938 711 2003 quod
722 1939 752 1990 in
768 1940 828 1990 toto
849 1953 933 1991 cursu
951 1941 1009 1992 vite
1027 1953 1091 1993 mee
1108 1955 1164 1993 non
1181 1941 1251 1994 scivi
1271 1953 1323 1993 nec
1339 1940 1397 1992 ridi

169 2038 221 2078 nec
240 2023 338 2077 audiri
357 2023 466 2075 mutam
488 2019 726 2085 tranquillitatem
743 2022 772 2073 et
790 2023 899 2074 tantem
917 2023 1096 2075 devotionem
1113 2023 1212 2091 populi
1229 2023 1353 2076 universi
1365 2023 1396 2074 in

168 2109 251 2176 nocte
262 2105 349 2159 etdie
357 2102 557 2169 processionis,
567 2103 641 2167 sicut
651 2103 708 2154 mit
720 2103 773 2154 isto
788 2116 871 2157 anno.
887 2104 924 2156 Et
935 2106 979 2158 est
990 2104 1146 2168 sciendum,
1159 2107 1233 2172 quod
1245 2105 1359 2158 ducenti
1367 2106 1397 2157 et

170 2188 379 2256 quinquaginta
394 2185 524 2238 homines
536 2186 566 2238 et
573 2183 636 2251 plus
648 2198 679 2237 se
692 2185 887 2238 adunaverunt
899 2188 928 2240 in
942 2186 1080 2250 Tornaco,
1099 2192 1240 2241 mutuose
1256 2189 1396 2239 sociantes

169 2269 412 2336 etastringentes,
424 2268 495 2320 utin
506 2268 553 2320 die
561 2268 751 2332 processionis
762 2271 791 2320 et
800 2269 829 2319 in
847 2269 910 2319 octo
928 2269 1027 2321 diebus
1040 2271 1278 2334 sequentibus,ad
1295 2268 1393 2321 simili·
1465 2284 1466 2287 ¹

169 2351 299 2404 tudinem
310 2351 432 2403 aliorum
449 2351 498 2417 qui
516 2351 693 2402 recesserant
703 2350 739 2402 de
752 2349 889 2413 Tornaco,
902 2352 1088 2417 penitentiam
1099 2355 1236 2415 lacerent,
1249 2354 1279 2405 et
1297 2365 1394 2404 omnes

170 2434 219 2498 qui
235 2434 393 2496 intrabant,
410 2435 529 2486 tratrem
545 2432 712 2494 liebertum,
731 2431 867 2485 lectorem
884 2434 982 2485 domus
1000 2436 1121 2485 iratrum
1138 2436 1213 2486 beati
1230 2434 1393 2500 Augustini,

170 2515 367 2578 consulebant,
379 2517 490 2580 luitque
502 2516 603 2567 ductor
622 2528 722 2567 eorum
733 2515 816 2567 dictis
830 2529 930 2568 novem
946 2516 1055 2568 diebus.
1070 2515 1217 2570 Ordinatio
1229 2518 1323 2569 autem
1341 2516 1395 2567 luit

169 2597 247 2663 talis,
260 2598 336 2664 quod
347 2597 409 2650 sine
418 2609 513 2661 cruce,
522 2597 584 2649 sine
596 2594 708 2648 vexillis
721 2598 751 2648 et
761 2597 823 2649 sine
832 2597 924 2649 cereis
933 2598 1084 2650 circuitum
1093 2597 1161 2650 ville
1169 2600 1308 2661 lecerunt,
1318 2599 1395 2650 omni

170 2680 216 2733 die
235 2679 386 2741 babentes,
410 2679 484 2730 sicut
503 2678 633 2743 superius
653 2679 697 2729 est
716 2691 890 2743 expressum,
909 2691 996 2743 super
1013 2680 1108 2744 capita
1127 2692 1180 2730 sua
1198 2680 1346 2744 capucium
1365 2680 1395 2730 et

169 2762 294 2828 desuper
304 2761 445 2828 capellum
453 2762 567 2828 nigrum
577 2761 638 2813 sine
650 2773 743 2821 cruce,
754 2762 882 2813 tenentes
892 2762 921 2812 in
933 2761 1063 2813 manibus
1072 2763 1246 2827 scorpiones,
1256 2764 1324 2815 nudi
1333 2763 1393 2814 toto
1444 2815 1446 2819 ,

169 2857 290 2911 corpore
302 2845 333 2896 et
348 2843 475 2909 pedibus,
495 2842 645 2896 femoralia
662 2841 808 2905 babentes,
831 2845 860 2895 et
882 2843 1004 2909 desuper
1020 2845 1128 2896 vestem
1151 2843 1254 2897 lineam
1272 2845 1393 2898 cinctam

168 2940 257 2993 supra
267 2925 443 2989 umbilicum,
457 2926 530 2978 sicut
541 2926 672 2991 superius
684 2926 719 2978 de
739 2925 803 2978 aliis
815 2927 858 2977 est
871 2939 1044 2990 expressum.
1064 2925 1099 2979 In
1110 2927 1157 2978 die
1170 2929 1264 2979 autem
1275 2941 1394 2993 proces-

167 3007 256 3058 sionis
280 3008 310 3058 in
334 3006 454 3059 sedecia
477 3008 559 3060 beate
577 3007 668 3058 Marie
681 3010 884 3068 convenerunt,
904 3008 1019 3058 missam
1039 3008 1069 3060 in
1086 3006 1239 3074 capellas.
1258 3008 1394 3061 Ludoricl

168 3088 329 3151 audientes,
341 3091 371 3142 et
379 3102 431 3155 per
441 3089 530 3141 totam
542 3088 656 3140 missam
666 3089 781 3140 luerunt
792 3088 923 3140 ardentes
935 3088 990 3139 duo
1002 3089 1088 3141 cerei.
1103 3088 1221 3149 Quando
1235 3092 1329 3143 autem
1340 3090 1395 3142 luit

169 3171 283 3237 tempus
294 3171 503 3236 processionem
514 3171 646 3233 exeundi,
659 3172 691 3222 ut
708 3170 862 3222 circuirent
878 3170 1031 3233 civitatem,
1050 3171 1105 3236 ipsi
1124 3185 1156 3224 se
1172 3174 1396 3238 preparaverunt

169 3252 345 3319 deponentes
361 3267 427 3305 suas
444 3256 535 3306 vestes
553 3255 582 3305 et
593 3250 722 3305 habitum
733 3251 948 3317 penitentialem
956 3255 1189 3319 assumpserunt3
1207 3254 1394 3319 exieruntque

168 3336 301 3387 utmoris
318 3338 379 3388 est:
393 3337 486 3403 primo
504 3333 634 3401 religiosi
651 3335 852 3396 mendicantes,
875 3335 977 3387 deinde
998 3334 1122 3403 collegia
1145 3337 1346 3390 canonicorum
1365 3337 1395 3389 et

168 3416 384 3481 monachorum,
401 3419 431 3470 et
450 3419 514 3483 post
530 3415 685 3483 collegium
711 3416 824 3477 civium,
843 3417 892 3481 qui
912 3420 1049 3469 vocantur
1078 3417 1232 3481 domicelli,
1250 3419 1395 3484 portantes

166 3501 308 3553 teretrum
333 3500 415 3552 beate
432 3499 523 3552 blarie
546 3500 630 3551 ruodo
653 3502 797 3551 consueto.
825 3499 971 3564 Erantque
988 3500 1070 3551 nudis
1094 3500 1214 3567 pedibus
1237 3503 1266 3553 et
1293 3502 1393 3554 devote

167 3595 198 3634 se
208 3584 354 3649 gerentes.
374 3582 444 3635 Post
462 3597 535 3648 quos
552 3582 629 3634 dicta
647 3583 767 3635 societas
788 3583 988 3648 penitentium,
1011 3583 1083 3636 duce
1102 3585 1193 3637 tratre
1208 3583 1346 3645 Roberto,
1363 3582 1394 3633 in

166 3664 267 3718 babitu
286 3679 374 3731 supra
393 3669 560 3728 memorato,
578 3666 637 3718 bini
661 3668 690 3717 et
708 3667 766 3717 bini
785 3667 847 3718 sine
864 3666 961 3730 aliquo
979 3668 1168 3720 instrumento
1192 3670 1392 3734 sequebantur,

166 3748 367 3815 scorpionibus
377 3762 409 3802 se
419 3750 612 3810 verberantes,
625 3751 711 3813 prout
721 3749 925 3813 permittebant
937 3749 1023 3801 duces
1035 3762 1135 3802 eorum
1148 3751 1184 3803 ad
1196 3750 1250 3803 boc
1261 3750 1394 3812 ordinati,

166 3843 202 3881 ne
212 3830 388 3883 excederent
405 3831 518 3882 modurn
535 3842 609 3896 pene
625 3833 674 3882 aut
693 3831 863 3897 sanguinem
891 3832 1043 3883 tunderent
1062 3833 1223 3896 excessive;
1240 3833 1275 3885 de
1286 3833 1394 3883 duobus

165 3913 262 3965 autem
277 3913 380 3976 cereis,
404 3926 476 3964 unus
499 3914 635 3964 remansit
646 3913 748 3965 ardens
760 3917 826 3964 ante
847 3913 1008 3979 ymaginem
1030 3914 1111 3966 beate
1131 3913 1268 3981 Virginis,
1280 3916 1309 3966 et
1320 3912 1393 3966 alius

164 3995 231 4047 ante
248 3995 414 4060 ymaginem
429 3994 465 4046 ad
484 3995 633 4046 introitum
649 3994 776 4057 claustri,
795 3995 884 4047 donec
908 3997 968 4068 tota
987 3996 1131 4060 processio
1157 3998 1202 4048 est
1221 4009 1343 4059 reversa,
1365 3997 1394 4049 et

163 4079 230 4128 tunc
246 4076 443 4141 unusquisque
454 4075 490 4127 ad
501 4076 618 4141 propria
629 4078 671 4129 est
683 4089 822 4129 reversus.

193 4157 346 4212 Ordinatio
358 4161 421 4209 octo
433 4158 545 4210 dierum
557 4159 736 4223 sequentium
747 4159 801 4211 init
814 4159 888 4221 talis,
904 4160 979 4225 quod
992 4158 1119 4225 qualibet
1137 4160 1184 4212 die
1196 4173 1278 4212 mane
1289 4174 1392 4213 conve·

163 4239 280 4292 aiebant
288 4239 320 4290 iu
329 4237 440 4304 capella
452 4238 480 4291 S.
489 4238 647 4301 Michaelis,
654 4240 770 4292 missam
780 4240 820 4291 ibi
829 4241 986 4301 audientes,
995 4241 1105 4293 duobus
1114 4242 1205 4294 cereis
1218 4242 1391 4304 ardentibus,

163 4323 268 4388 etpost
277 4320 393 4374 missam
407 4321 438 4385 in
450 4320 603 4374 refectorio
618 4325 709 4373 vestes
726 4334 792 4374 suas
810 4323 999 4388 deponebant,
1021 4322 1149 4375 habitum
1167 4323 1392 4389 penitentialem,

163 4404 316 4457 utdictum
336 4405 389 4467 est,
409 4406 596 4467 assumentes,
617 4406 646 4457 et
657 4417 709 4470 per
725 4404 832 4471 gradus
843 4406 1040 4457 descendendo
1053 4405 1133 4458 ibant
1145 4408 1211 4458 ante
1230 4406 1393 4473 ymaginem

163 4487 245 4539 beate
265 4485 403 4552 Virginis,
421 4489 451 4538 et
461 4487 502 4538 ibi
523 4487 604 4540 flexis
615 4487 744 4554 genubus
756 4486 888 4540 dicebant
898 4487 987 4540 Pater
1001 4487 1107 4542 Noster
1117 4490 1147 4540 et
1163 4489 1223 4540 Ave
1235 4489 1336 4541 Maria.
1354 4488 1392 4540 Et

164 4569 207 4621 sic
223 4568 286 4620 bini
303 4568 332 4621 et
348 4568 408 4620 bini
425 4569 590 4623 incedentes
608 4569 752 4623 civitatem
770 4569 937 4636 circuibant,
955 4570 1141 4634 verberando,
1161 4572 1193 4623 ut
1212 4573 1256 4623 est
1273 4571 1389 4636 dictum,
