3256 5324
712 410 814 462 ANNO
835 409 898 461 1418
1363 412 1410 462 211

165 571 339 630 §aarum
356 573 482 626 dicente:
507 573 598 638 Super
624 571 788 624 cathedram
813 573 905 640 Moysi
934 575 989 626 etc.
1013 576 1108 627 omnia
1134 589 1310 640 quecumque
1333 577 1413 628 uobis

162 650 335 724 [dixerint]
358 657 454 719 tacite,
479 655 558 723 leges
578 655 712 707 videlicet
731 656 877 720 utriusque
900 659 1061 710 testamenti
1081 658 1159 710 velut
1181 661 1313 724 paternas
1330 673 1412 712 vene-

160 739 291 800 ssntes,
316 740 537 805 supererogatas
558 750 625 790 vero
646 738 852 790 ecclesiasticas
872 742 1007 804 tanquam
1032 744 1176 793 maternas
1198 754 1250 804 pro
1272 741 1414 806 condigna

168 819 406 884 participatione
428 823 680 886 sacramentorum,
703 822 783 873 cuius
809 823 1039 887 participacionis
1069 824 1164 890 gratia
1191 821 1332 886 prelibata
1347 825 1414 874 sunt

181 896 335 953 dumtaxat
352 904 429 954 edita
441 905 623 966 documenta;
645 905 707 968 ipse
731 917 841 967 quoque
854 907 1014 957 venerande
1034 905 1160 970 reliquie
1172 908 1333 956 sanctorum
1353 907 1414 956 tan·

188 992 269 1043 quam
279 985 356 1037 sacri
365 986 549 1038 incitamenta
557 987 652 1051 operis
661 988 691 1038 et
699 987 824 1038 scandali
834 988 1038 1052 presidentium
1050 990 1283 1053 temperamenta,
1294 990 1412 1039 eatenus

187 1064 221 1113 <a
235 1066 333 1130 pusilli
344 1068 526 1120 scandalizati
543 1083 595 1134 per
613 1071 700 1122 vitam
717 1070 927 1134 prepositorum
938 1071 1091 1135 reprobam
1104 1085 1156 1134 per
1176 1072 1338 1121 sanctorum
1350 1084 1412 1134 pre·

190 1143 370 1201 decessorum
388 1151 594 1216 presidentium
605 1153 774 1204 edificentur
786 1152 952 1217 memoriae
966 1153 1061 1215 itaque
1074 1153 1151 1205 sicut
1161 1152 1332 1218 presidentis
1343 1150 1417 1203 cleri

190 1229 302 1283 malicia
309 1233 498 1286 sanctimonia
506 1234 740 1286 documentorum
750 1248 806 1286 non
814 1236 901 1286 viciat
910 1248 945 1286 ex
954 1237 1065 1300 prelato
1076 1234 1232 1287 saluatoris
1240 1235 1412 1296 testimonio,

189 1314 230 1364 sic
239 1327 295 1366 nec
305 1315 463 1368 efficaciam
483 1319 736 1379 sacramentorum,
761 1318 842 1369 beato
866 1318 1006 1383 Gregorio
1019 1319 1212 1369 contestante:
1231 1317 1293 1380 cui,
1311 1318 1413 1381 inquit,

179 1395 293 1449 similes
312 1397 404 1450 malos
420 1399 583 1452 sacerdotes
604 1400 736 1464 dixerim,
750 1401 805 1452 nisi
817 1413 890 1465 eque
905 1401 1092 1465 baptismatis,
1112 1414 1168 1464 que
1188 1399 1262 1451 lotos
1274 1399 1309 1451 ad
1321 1398 1413 1451 celum

174 1480 297 1547 dirigit,
314 1481 379 1547 ipsa
389 1495 457 1534 vero
472 1483 508 1535 nd
527 1482 639 1535 cloacas
657 1484 747 1535 ellusa
757 1483 920 1535 descenditt
938 1483 999 1543 Qua
1015 1484 1044 1534 in
1057 1496 1089 1535 re
1111 1483 1289 1534 sacerdotum
1301 1481 1415 1533 malicia

171 1566 432 1618 sacramentorum
448 1568 479 1618 et
489 1565 695 1617 sacrificiorum
718 1565 839 1617 ecclesie
851 1579 1029 1630 nequaquam
1052 1565 1209 1616 efficaciam
1221 1561 1341 1630 impedit
1351 1576 1413 1628 par-

166 1647 378 1712 ticipantium,
391 1648 542 1713 presertim
555 1648 604 1712 qui
616 1648 735 1712 prelatis
751 1647 864 1712 legibus
877 1648 1057 1700 obsecuntur.
1077 1647 1131 1699 Sed
1145 1648 1263 1712 prelatis
1277 1646 1415 1698 doctrinis

158 1727 385 1784 saluberrimis
394 1744 451 1781 nou
460 1730 647 1791 obstantibus,
669 1743 789 1793 quarum
802 1731 936 1781 noticiam
956 1732 985 1781 et
1002 1743 1100 1781 verum
1113 1729 1290 1781 intellectum
1308 1727 1413 1779 habere

151 1810 343 1878 debuiegc
352 1810 489 1865 Nicolaus
497 1813 664 1877 Serruraru,
675 1811 840 1863 Leodiensis
853 1812 1079 1873 diocesis,lrater
1091 1812 1200 1862 ordims
1209 1810 1413 1866 heremitarum

142 1893 426 1960 bennamarim
438 1897 595 1947 conuentus
605 1895 840 1956 Tornacensis‚in
849 1893 995 1959 theologia
1009 1893 1156 1960 magister,
1162 1896 1262 1945 contra
1271 1894 1414 1947 doctrinas

132 1978 342 2044 premissas
364 1976 625 2039 christianissimas,
649 1977 784 2041 quasdam
808 1978 967 2028 sentencias
996 1977 1187 2042 dogmatizant
1212 1978 1241 2028 et
1267 1978 1412 2042 predicaui

123 2057 302 2124 publice
319 2059 355 2111 ad
365 2059 503 2126 populum
523 2073 575 2125 per
592 2061 669 2125 ipsos
680 2059 825 2111 auditores
843 2072 956 2125 perine
974 2057 1188 2120 scandalizatos,
1207 2057 1412 2124 principaliter,

115 2157 184 2193 ,ι
194 2142 278 2206 xxj.
293 2141 429 2194 articulos
441 2144 620 2195 continentes
631 2144 716 2207 prout
728 2143 876 2193 conuictus
888 2144 1038 2207 reppertus
1055 2155 1127 2193 sum.
1143 2141 1269 2201 Quorum
1287 2143 1412 2207 quinque

12 2290 15 2295 Ι
106 2237 202 2276 su
212 2224 255 2274 mt
265 2225 381 2277 erronei
393 2226 423 2278 et
433 2228 535 2278 contra
546 2226 641 2289 fidem,
655 2224 789 2276 uidelicet
798 2238 889 2275 nonus
899 2225 948 2288 qui
960 2224 1074 2289 incipit:

10 2296 12 2303 ’
205 2326 234 2348 α
244 2305 328 2369 Item,
341 2307 415 2372 quod
427 2308 532 2360 caritas
544 2312 587 2360 est
599 2307 634 2360 ad
646 2307 737 2358 Deum
750 2309 779 2358 et
791 2308 951 2372 proximum
965 2308 994 2358 et
1005 2321 1061 2358 non
1075 2306 1110 2357 ad
1124 2306 1258 2370 seipsum.

210 2388 327 2455 altem,
340 2389 414 2454 quod
436 2390 513 2443 Deus
536 2404 592 2441 non
608 2391 719 2444 remisit
735 2404 827 2455 neque
848 2391 995 2442 remittere
1021 2392 1115 2456 potest
1134 2389 1247 2454 culpam
1268 2393 1409 2457 peccator]

75 2481 115 2543 ,ι
121 2471 294 2536 bsque
310 2473 412 2536 preuia
427 2473 614 2525 contricione.

219 2575 232 2596 n
244 2553 328 2616 Item,
340 2554 415 2619 quod
436 2555 597 2621 presbyteri
614 2555 720 2620 publici
738 2554 930 2618 concubinarii
950 2568 1005 2606 non
1025 2555 1130 2607 habent
1142 2555 1342 2606 auctoritatem
1359 2569 1409 2607 seu

66 2637 355 2700 potestatem
372 2636 539 2689 absoluendi
562 2639 750 2703 peccatorem,
768 2641 797 2688 ct
817 2638 950 2701 peccator
972 2639 1118 2689 confessus
1136 2637 1276 2688 sacerdoti
1294 2637 1408 2703 publico
1426 2626 1428 2632 ⁴

58 2720 386 2773 concubinarie
397 2721 506 2773 recedit
517 2722 623 2786 absque
636 2721 829 2773 absolucione.

219 2825 231 2847 ι
242 2803 325 2864 Item,
342 2802 418 2868 quod
435 2804 578 2855 orationes
598 2805 628 2855 et
644 2816 742 2868 preces
753 2801 882 2854 missales
906 2801 1009 2853 talium
1029 2801 1209 2854 sacerdotum
1230 2801 1410 2867 publicorum

54 2870 452 2938 concubinariorum
482 2888 548 2938 sunt
570 2885 677 2938 nullius
709 2884 824 2945 valoris,
853 2886 882 2936 et
907 2886 993 2936 misse
1016 2897 1068 2949 per
1097 2883 1170 2936 tales
1194 2885 1410 2937 concubinarios

52 2964 327 3019 celsum
337 2979 391 3032 pro
403 2966 546 3019 demicus
557 2968 606 3019 aut
617 2968 691 3019 riuis
703 2970 769 3019 sunt
780 2966 888 3019 nullius
900 2966 1015 3019 valoris.

221 3046 324 3110 -Item,
345 3049 423 3114 qnod
441 3050 533 3102 oratio
547 3065 603 3102 non
623 3050 707 3104 debet
719 3051 807 3118 dirigi
828 3051 883 3102 nisi
895 3050 930 3102 ad
943 3051 1035 3102 Deum
1055 3048 1233 3102 solummodo
1250 3053 1279 3102 et
1297 3066 1352 3103 non
1373 3053 1408 3104 ad

58 3130 308 3186 sanctos.

223 3209 301 3263 »Alii
326 3223 396 3264 vero
419 3211 588 3278 scandalosi,
612 3214 759 3267 temerarii
782 3216 812 3266 et
833 3213 1052 3280 presumptuosi,
1075 3212 1173 3277 quales
1197 3216 1262 3265 sunt
1289 3215 1407 3280 primus,

65 3293 648 3359 fflmdusctqumtusvidelicct:

227 3375 324 3436 »Quod
335 3374 432 3427 nullus
443 3375 648 3442 parrochianus
661 3377 746 3429 debet
764 3390 781 3428 a
792 3391 842 3428 suo
860 3378 959 3428 curato
971 3380 1070 3443 petere
1091 3377 1236 3430 licentiam
1253 3378 1405 3442 confitendi

83 3456 269 3520 *lteri
286 3459 315 3510 et
333 3458 482 3524 potissime
503 3458 640 3525 religioso
664 3459 847 3520 mendicanti,
865 3462 895 3510 et
907 3460 981 3523 quod
1003 3474 1057 3512 non
1076 3462 1119 3511 est
1143 3473 1257 3512 necesse
1277 3460 1407 3512 confiteri

93 3540 298 3616 proprio
317 3542 428 3604 curato,
452 3543 481 3592 et
505 3542 580 3606 quod
602 3542 708 3594 sufficit
730 3540 918 3607 parrochiano
950 3542 1080 3594 confiteri
1104 3542 1239 3593 iratribus
1261 3541 1406 3607 religiosis

108 3622 418 3682 mendicantibus.

225 3703 322 3770 altem,
343 3705 419 3770 quod
436 3707 528 3760 curati
545 3707 643 3759 dicunt
664 3706 860 3773 parrochianis
881 3709 950 3770 suis,
969 3708 1043 3772 quod
1061 3705 1161 3758 saltem
1179 3705 1266 3758 semel
1284 3706 1313 3756 in
1332 3719 1405 3756 anno

154 3787 388 3857 parrochianus
407 3792 520 3840 tenetur
538 3791 669 3842 confiteri
685 3805 737 3841 suo
759 3790 875 3855 proprio
893 3791 1001 3850 curato,
1022 3789 1096 3853 quod
1114 3804 1169 3841 non
1186 3792 1230 3841 est
1246 3802 1353 3850 verum,
1374 3792 1406 3839 ut

164 3869 255 3920 <nixu
264 3871 327 3936 ipse
339 3869 507 3935 Serrurarlj,
520 3873 664 3924 affirmem
677 3876 807 3937 utsupra
819 3872 893 3936 quod
906 3873 1011 3923 sufficit
1023 3873 1165 3936 peccatori
1177 3871 1306 3924 confiteri
1319 3869 1404 3922 alicui

177 3949 317 4019 religioso
329 3953 492 4018 presentato
503 3955 684 4007 mendicanti.

215 4032 318 4097 »leem
328 4035 406 4100 quod
417 4033 547 4102 religiosi
556 4038 712 4100 presentati
724 4038 790 4088 sunt
799 4037 908 4102 proprii
919 4036 1080 4088 sacerdotes
1092 4039 1121 4087 et
1133 4036 1192 4087 veri
1204 4037 1304 4087 curati.

209 4115 320 4180 aItem,
344 4117 420 4181 quod
445 4119 536 4169 curati
565 4118 725 4183 impediunt
748 4117 951 4184 parrochianos
975 4132 1050 4180 suos,
1075 4132 1110 4170 nc
1133 4118 1200 4170 dent
1224 4131 1276 4169 nec
1298 4118 1404 4168 iaciant

180 4193 360 4262 elemosinas,
378 4199 453 4252 dona
472 4202 522 4253 aut
543 4200 641 4267 legata
662 4201 887 4254 mendicantibus
906 4204 935 4254 et
952 4215 987 4253 ne
1009 4201 1077 4252 dicti
1098 4199 1277 4265 parrochiani
1295 4200 1403 4266 eligant

173 4282 341 4344 sepulturas
353 4296 419 4335 suas
430 4283 460 4335 in
473 4284 603 4336 domibus
616 4285 780 4337 eorumdem
789 4285 1020 4337 mendicantium.
1035 4284 1086 4335 Est
1097 4284 1260 4335 schciosus.

198 4384 219 4406 ι·
235 4363 321 4429 Item,
331 4366 408 4431 quod
419 4366 645 4419 mendicantibus
661 4368 832 4432 presentatis
845 4368 914 4432 ipsis
923 4367 1068 4418 confessus
1080 4364 1158 4417 licite
1170 4367 1263 4431 potest
1273 4367 1402 4431 recipere

163 4455 284 4512 corpus
294 4447 411 4512 christi,
420 4449 451 4501 et
461 4462 518 4501 non
526 4451 620 4515 potest
632 4462 684 4503 nec
693 4450 777 4502 debet
786 4451 900 4502 curatus
911 4451 1039 4499 confesso
1051 4448 1275 4500 mendicantibus
1284 4449 1402 4514 pretatis
