3256 5324
818 541 921 596 ANNO
939 543 1014 607 1274,
1034 541 1098 595 laea

845 770 900 838 ao
924 742 1076 858 (lieet).

391 961 479 1028 Voce·
502 961 603 1024 1274:
618 961 798 1030 Uittreksel
815 962 863 1030 uit
879 961 919 1028 de
934 960 1078 1028 Summa
1098 959 1297 1049 Theolopicc
1313 960 1451 1028 vundan
1467 959 1568 1028 heili-

339 1082 404 1150 gen
421 1063 561 1135 Thomas
578 1085 641 1132 van
658 1065 785 1151 Aquino
803 1064 952 1154 (†1274)
969 1084 1047 1130 over
1066 1063 1123 1130 het
1134 1062 1260 1130 dooden
1283 1063 1342 1130 den
1367 1064 1507 1133 letters.
1526 1101 1569 1114 -

339 1167 385 1232 De
400 1165 511 1234 letter
526 1168 676 1237 verdient
698 1169 761 1235 den
785 1168 867 1235 dood
891 1188 957 1254 nog
980 1187 1069 1234 mear
1093 1168 1156 1233 dan
1183 1167 1223 1234 de
1248 1166 1381 1234 valsche
1407 1175 1566 1246 muntem

339 1287 431 1336 maer
452 1269 492 1336 de
515 1270 607 1337 Kerk
634 1271 661 1336 is
688 1271 915 1356 gocdertienen
940 1292 981 1338 en
1005 1270 1127 1339 slechts
1154 1291 1196 1337 na
1219 1278 1306 1338 twee
1325 1273 1568 1358 vermaningen

338 1370 445 1439 levent
460 1373 500 1460 aij
528 1373 604 1440 hcm
627 1395 689 1440 aun
713 1374 776 1440 den
799 1373 1024 1460 weneldlijken
1042 1393 1112 1440 arm
1129 1392 1219 1454 oven,
1246 1393 1297 1440 om
1314 1373 1388 1440 hem
1404 1374 1484 1442 door
1500 1374 1569 1441 den

335 1473 418 1541 dood
433 1474 480 1544 nit
492 1476 570 1543 dene
589 1476 711 1543 wereld
724 1483 757 1545 to
773 1476 977 1546 verbannen.

753 1615 795 1668 De
810 1614 908 1669 heresi
927 1643 961 1653 -
979 1615 1088 1675 Queeuo
1104 1618 1145 1685 ej.

691 1700 720 1751 3⁰
746 1697 846 1751 Utrum
857 1697 969 1750 heretici
985 1701 1041 1751 sim
1059 1696 1207 1750 tolerandi.

429 1812 585 1864 Dicendum
594 1817 638 1866 est
647 1815 722 1878 quod
733 1816 809 1867 cinca
820 1814 961 1867 hereticos
973 1815 1029 1867 duo
1041 1818 1107 1866 sunt
1114 1815 1319 1868 consideranda
1329 1831 1335 1868 :
1349 1829 1436 1867 unum
1447 1816 1570 1880 quidem

335 1906 371 1945 ex
382 1897 463 1960 purte
475 1896 610 1961 ipsorum,
627 1896 704 1947 aliud
717 1910 783 1948 vero
796 1910 832 1948 ex
843 1900 924 1962 parte
936 1896 1065 1949 ecclesie.

367 1976 411 2027 Ex
427 1983 508 2042 parte
527 1979 641 2042 quidem
659 1979 786 2044 ipsorum
798 1983 841 2030 est
859 1981 1005 2044 peccatum
1022 1992 1075 2044 pen
1091 1979 1166 2044 quod
1177 1980 1344 2032 meruerunt
1355 1993 1411 2040 non
1423 1979 1516 2031 solum
1528 1981 1568 2032 ab

335 2055 456 2107 ecclesia
471 2070 524 2122 pen
540 2058 862 2109 excommunicationem
883 2058 1020 2123 separari,
1039 2058 1089 2110 sed
1106 2059 1193 2109 etiam
1210 2072 1262 2124 pen
1279 2062 1401 2112 mortem
1424 2075 1441 2113 a
1457 2061 1570 2113 mundo

334 2138 455 2190 excludi.
466 2138 556 2191 Multo
569 2141 645 2190 enim
657 2141 773 2206 gravius
785 2143 829 2191 est
851 2154 1035 2207 comumpere
1056 2141 1141 2192 fidem
1157 2155 1210 2207 per
1227 2156 1312 2206 quam
1329 2145 1372 2194 est
1384 2143 1477 2196 anime
1495 2144 1569 2207 vita,

335 2233 420 2284 quem
431 2220 535 2273 falsare
543 2223 694 2287 pecuniam
705 2236 757 2287 pen
777 2236 862 2287 quam
880 2222 1030 2288 temporali
1042 2222 1100 2279 nite
1117 2224 1292 2275 subvenitur.
1313 2225 1394 2277 Unde
1415 2227 1440 2277 si
1451 2225 1567 2290 falsarii

333 2303 453 2367 pecunie
465 2302 509 2354 vel
528 2303 576 2368 alij
591 2303 788 2356 malefectores
807 2304 904 2356 statim
920 2318 972 2370 pen
988 2303 1131 2356 seculares
1150 2307 1293 2372 principes
1302 2307 1376 2359 iuste
1393 2309 1479 2360 monti
1498 2311 1560 2360 tna·

332 2384 447 2445 duntur,
460 2384 549 2436 multo
569 2387 658 2450 magis
675 2385 805 2448 heretici,
817 2388 913 2438 statim
927 2400 963 2438 ex
974 2401 1029 2451 quo
1042 2387 1077 2438 de
1095 2386 1189 2440 heresi
1201 2390 1417 2457 convincuntur,
1435 2394 1560 2457 possunt

333 2480 390 2518 non
402 2466 493 2518 solum
505 2469 754 2531 excommunicari,
768 2469 858 2521 sedet
870 2469 945 2521 iuste
958 2469 1059 2521 occidi.

364 2548 407 2599 Ex
419 2550 499 2614 parte
511 2552 606 2602 eutem
618 2550 737 2604 ecclesie
750 2555 793 2604 est
802 2553 998 2604 misericordia
1006 2554 1040 2604 ed
1051 2554 1209 2605 errantium
1218 2555 1442 2616 conversionem,
1455 2558 1485 2607 et
1494 2556 1561 2608 ideo

331 2646 387 2682 non
399 2633 494 2683 statim
506 2632 684 2698 condemnat,
697 2635 747 2687 sed
758 2636 822 2700 post
833 2635 954 2699 primam
966 2638 995 2687 et
1006 2636 1160 2687 secundam
1168 2637 1389 2701 correptionem,
1402 2640 1434 2690 nt
1446 2640 1563 2704 aposto·

331 2713 376 2766 lue
393 2715 483 2767 docet.
503 2713 687 2767 Postmodum
707 2727 784 2777 vero,
798 2714 821 2763 si
846 2713 938 2764 adhuc
955 2714 1087 2779 pertinax
1106 2715 1277 2776 inveniatur,
1299 2716 1419 2768 ecclesia
1437 2717 1472 2769 de
1498 2719 1566 2776 eius

331 2799 544 2849 conservatione
556 2811 613 2849 non
633 2810 750 2862 sperans
762 2795 884 2847 aliorum
895 2795 981 2847 saluti
1000 2797 1130 2861 providet
1142 2811 1206 2848 eum
1219 2799 1254 2849 ab
1266 2797 1388 2851 ecclesie
1399 2799 1562 2864 separando

329 2894 381 2946 per
393 2879 692 2933 excommunicationis
709 2879 890 2944 sententiam,
902 2881 931 2930 et
942 2878 1063 2931 ulterius
1080 2878 1217 2944 relinquit
1229 2893 1295 2931 eum
1317 2881 1423 2934 iudicio
1437 2881 1565 2935 seculari

329 2962 462 3015 amundo
474 2961 722 3052 exterminandum
734 2974 786 3026 pen
798 2963 930 3012 montem.

592 3077 714 3129 Thomas
739 3090 793 3127 van
818 3076 940 3140 Aquino,
957 3076 1075 3128 Summa
1091 3073 1263 3143 Theolopica,
1277 3079 1401 3130 secunde
1413 3076 1559 3129 secundae

624 3160 733 3224 questio
747 3159 784 3223 xj,
798 3160 850 3209 art.
865 3159 990 3220 tertium,
1012 3160 1041 3209 in
1062 3159 1097 3210 de
1119 3158 1208 3225 Opera
1220 3161 1316 3210 omnio
1327 3159 1457 3226 (Venetia
1469 3158 1558 3223 1496),

623 3241 685 3294 decl
698 3240 736 3304 II,
746 3242 774 3292 2ο
785 3240 861 3303 stuk,
871 3240 920 3292 tol.
935 3240 1059 3293 lca-zie
1071 3241 1121 3293 het
1131 3241 1302 3293 hooldstuk:
1324 3242 1499 3308 Wetgeving
1508 3241 1563 3293 der

623 3322 798 3388 weneldllee
810 3321 997 3388 machttegen
1009 3324 1045 3375 de
1057 3323 1287 3377 Nedonlandsche
1307 3324 1425 3385 letters,
1444 3323 1474 3374 in
1487 3335 1558 3374 onze

622 3403 1061 3474 uacuaedmaderlaqoataein
1071 3404 1325 3468 deNederlanden,
1336 3404 1399 3458 deel
1416 3404 1441 3469 1,
1455 3404 1509 3456 bia.
1522 3405 1558 3455 99

625 3489 748 3556 envolg.
1433 3499 1437 3510 ·

833 3665 879 3731 e1
908 3653 1059 3750 (lene).

371 3856 461 3930 1298,
485 3851 690 3943 September.
718 3854 810 3922 Edict
828 3875 889 3921 van
906 3854 969 3921 den
986 3854 1178 3921 Fransohen
1202 3853 1327 3940 koning
1351 3852 1477 3940 Philips
1506 3853 1556 3921 1v

324 3958 385 4028 den
398 3960 545 4028 Schoone
558 3979 638 4024 oven
649 3959 689 4025 de
702 3957 921 4044 behandeling
932 3957 991 4024 den
1003 3957 1130 4025 kettcns
1147 3958 1226 4023 door
1237 3958 1323 4045 zijne
1335 3956 1551 4045 rechterlijke

322 4062 535 4132 embtenaren
552 4063 586 4128 in
603 4062 737 4149 overleg
752 4051 820 4128 met
836 4062 875 4127 de
891 4059 1163 4147 bisschoppelijke
1178 4081 1218 4128 en
1243 4060 1425 4148 pauselijke
1441 4060 1555 4145 Inqui-

324 4166 409 4235 sitio.
429 4205 469 4218 -
483 4165 588 4253 Opdat
610 4166 651 4232 de
673 4165 755 4233 neak
771 4165 829 4231 der
844 4164 1012 4250 Inquisitio
1038 4164 1256 4250 voonuitgang
1281 4184 1341 4231 nou
1359 4162 1490 4244 maken,
1512 4185 1555 4231 en

324 4289 406 4335 naar
422 4269 480 4335 het
504 4266 678 4335 voorbeeld
694 4287 756 4333 van
782 4267 867 4355 zijne
883 4266 1119 4342 vocnvadenen,
1143 4265 1273 4338 beveelt
1289 4267 1329 4333 de
1348 4266 1472 4353 koning
1490 4288 1554 4335 ann

322 4373 387 4439 alle
402 4371 576 4458 beningon,
595 4391 722 4458 graven
746 4391 787 4437 en
807 4370 984 4450 barcenen,
1003 4368 1116 4436 alsook
1132 4390 1195 4437 aan
1212 4370 1276 4436 alle
1294 4370 1551 4451 seneschalken,

320 4473 461 4564 baljuws
473 4497 514 4542 en
530 4473 651 4541 andere
664 4473 875 4560 rechterlijke
886 4473 1110 4553 ambtenaren‚
1127 4478 1160 4540 te
1174 4473 1419 4560 gohoornamen
1433 4494 1497 4540 aun
1510 4474 1551 4541 de

319 4577 535 4666 bisschoppen
551 4598 592 4645 en
604 4597 668 4646 aen
679 4578 721 4645 de
731 4577 813 4646 door
826 4577 890 4645 den
903 4579 945 4648 H.
959 4575 1047 4648 Stoel
1059 4578 1228 4665 goncnden
1245 4576 1282 4645 oi
1294 4597 1362 4666 nog
1373 4581 1408 4646 te
1421 4576 1550 4645 zenden
