3188 5340
609 484 713 542 alluo
730 484 796 538 142³
1255 485 1303 539 sel

69 657 243 727 Merssult
258 657 287 744 t)
302 677 344 726 en
360 676 413 725 om
428 656 506 724 hem
522 675 586 724 aaa
602 658 638 724 ta
652 673 773 742 sporen
797 652 866 723 niet
890 654 996 723 allean
1021 653 1056 720 in
1080 653 1140 721 het
1166 653 1304 741 verrolg

74 763 145 832 den
160 760 311 848 bisschop
323 780 364 828 en
380 762 439 829 het
455 759 597 848 kapittel
612 759 645 826 in
658 758 717 826 het
739 758 900 828 uitroeien
924 778 988 825 ran
1005 756 1070 824 alle
1091 755 1215 824 andere
1230 753 1304 823 ket·

75 871 151 936 tere
166 870 201 934 te
214 862 338 953 blijven
354 864 488 952 helpen,
513 881 606 930 maer
618 862 681 930 cols
696 862 736 929 de
751 881 857 949 eogen
873 866 907 930 te
933 859 1047 929 willan
1071 859 1191 929 sluiten
1208 880 1248 947 op
1264 858 1305 926 ds

77 967 372 1056 takortkomingen
387 967 447 1035 der
461 966 588 1035 slachts
611 964 826 1054 goestelijken
843 984 884 1032 en
909 964 1015 1032 slleeu
1042 964 1082 1032 de
1105 962 1231 1054 goeden
1254 966 1305 1031 tot

77 1070 258 1142 voorbeeld
273 1075 308 1140 te
323 1090 454 1141 nemen.

110 1215 274 1281 (Martinus,
283 1212 349 1280 etc.)
359 1213 480 1266 Dilectis
493 1213 573 1278 tiliis,
584 1215 640 1267 etc.

113 1298 158 1350 Ex
169 1296 286 1362 litteris,
297 1310 368 1362 quas
378 1309 470 1362 nuper
478 1296 638 1362 recepimus
656 1294 841 1348 evenerabili
851 1295 943 1347 tratre
955 1295 1052 1346 nostro
1064 1294 1185 1358 loanne,
1196 1296 1308 1349 Torna-

81 1380 160 1434 oensi
188 1379 332 1447 episcopo,
351 1381 466 1446 pastore
487 1381 592 1441 vestro,
616 1377 809 1430 intelleximus
834 1377 1022 1429 constantiam
1046 1378 1170 1430 vestram
1195 1379 1225 1430 iu
1251 1378 1308 1432 tide

82 1462 224 1517 catholica
240 1461 356 1514 Domini
377 1461 468 1514 nostri
484 1461 554 1514 Jesu
572 1458 678 1514 christi
695 1462 725 1512 et
740 1460 893 1522 iusticiam,
914 1473 998 1524 quam
1021 1459 1190 1513 adhibuistis
1210 1462 1240 1513 in
1257 1474 1308 1526 pu-

82 1547 189 1600 niendo
200 1558 335 1612 perverso
355 1543 407 1597 illo
427 1543 583 1604 haeretico,
593 1543 642 1607 qui
659 1556 768 1596 veneno
785 1555 853 1594 suae
870 1541 1028 1608 iniquitatis
1047 1542 1198 1607 inquinare
1221 1545 1308 1598 corda

82 1629 180 1682 vestm
196 1627 386 1691 moliebatur3
403 1639 488 1691 quem
507 1639 556 1677 vos
573 1639 625 1691 pro
645 1625 755 1678 meritis
775 1624 948 1690 pertinaciae
968 1636 1036 1676 suae
1056 1624 1143 1691 digno
1168 1625 1307 1691 supplicio

83 1710 214 1763 scedras
231 1723 283 1761 nos
293 1709 417 1762 maxims
429 1709 675 1772 commendamus;
696 1707 801 1759 bonum
819 1707 895 1758 enim
907 1720 978 1771 opus
994 1707 1105 1772 operati
1122 1707 1191 1760 estis
1203 1711 1231 1760 et
1243 1709 1308 1776 dig·

84 1806 153 1846 num
164 1793 297 1845 mercede
309 1793 435 1845 aeterna.
448 1791 507 1844 Nos
518 1793 614 1844 autem
625 1803 734 1843 summe
753 1788 894 1841 laetamur
912 1790 942 1840 in
956 1789 1076 1840 Domino
1094 1790 1201 1842 mutam
1220 1791 1309 1844 luisse

84 1874 266 1928 devotionem
273 1876 406 1937 vestram,
418 1876 526 1927 tantam
537 1875 696 1926 vestrarum
708 1871 845 1924 mentium
857 1872 1060 1934 sinceritatem,
1071 1873 1179 1923 anam
1189 1873 1309 1926 tutelam

83 1957 165 2020 fidei,
191 1957 234 2020 ut,
250 1957 367 2021 rejectis
387 1957 467 2009 illius
489 1955 592 2022 perfidi
615 1954 705 2006 hostis
732 1955 854 2005 nominis
877 1953 981 2005 Christi
1002 1954 1082 2007 falsis
1106 1955 1262 2018 erroribus,
1280 1958 1310 2008 et

82 2053 255 2107 permanere
277 2041 440 2092 constantes
452 2039 526 2091 sicut
538 2039 621 2090 decet
639 2038 727 2088 bonos
744 2035 928 2089 Christicolas
946 2037 976 2089 in
994 2038 1073 2089 recta
1094 2037 1150 2089 tide
1162 2036 1310 2090 volueritis

84 2121 209 2177 etillum
221 2122 340 2188 impium
357 2124 442 2187 atque
459 2119 604 2173 infidelem
624 2121 746 2186 punire3
764 2120 800 2172 de
819 2133 876 2183 quo
899 2119 978 2170 vobis
996 2133 1032 2171 ex
1052 2119 1137 2171 corde
1154 2118 1326 2187 condignas

83 2207 196 2273 gratias
212 2204 334 2271 agimus,
347 2217 417 2268 quas
429 2204 530 2256 reddet
547 2202 627 2254 vobis
644 2202 793 2254 uberiores
804 2201 855 2254 ille
867 2202 996 2253 cordium
1012 2201 1171 2254 illustrator
1182 2204 1212 2254 et
1224 2202 1310 2254 bono·

84 2302 151 2341 rum
163 2287 291 2339 omnium
307 2285 465 2340 retributor
477 2285 625 2348 Dominus,
642 2285 673 2336 in
685 2285 765 2349 cujus
783 2297 868 2337 causa
891 2287 949 2336 tam
968 2285 1065 2337 sancte
1080 2286 1138 2336 tam
1149 2284 1196 2350 pie
1211 2285 1310 2338 clabo-

118 2453 176 2507 Sed
193 2452 337 2518 quoniam,
357 2450 432 2504 sicut
452 2450 547 2516 inquit
562 2450 685 2514 Veritas,
698 2464 755 2502 non
767 2450 815 2515 qui
827 2449 944 2516 incepit,
956 2449 1006 2503 sed
1022 2449 1071 2514 qui
1087 2450 1313 2515 perseveraverit

84 2535 219 2601 usquein
230 2536 326 2598 tinem,
343 2534 390 2587 hic
415 2533 510 2586 salvus
532 2534 599 2599 erit,
610 2534 675 2586 ideo
700 2547 752 2585 uos
771 2533 907 2597 tanquam
929 2530 1068 2584 sollicitus
1088 2531 1213 2584 illiorum
1232 2535 1314 2599 pater

84 2616 365 2685 pateruaattectione
377 2629 526 2668 monemus
536 2617 565 2668 et
574 2614 760 2668 exhortamur
770 2628 822 2680 per
833 2614 995 2680 passionem
1004 2613 1158 2667 salvatoris
1170 2616 1270 2678 nostri,
1282 2617 1316 2668 ut

84 2700 161 2753 sicut
169 2698 307 2752 hactenus
318 2698 391 2752 bene
402 2700 433 2752 et
445 2697 631 2752 laudabiliter
641 2698 752 2765 egistis,
769 2698 811 2749 ita
822 2697 955 2763 deinceps
967 2698 1029 2749 sitis
1040 2697 1156 2750 solliciti
1166 2699 1201 2751 ad
1214 2697 1315 2751 tollen·

84 2783 154 2835 dum
162 2782 199 2834 de
210 2781 304 2834 medio
313 2782 441 2833 vestrum
452 2781 592 2842 funditus,
606 2781 631 2832 si
643 2781 706 2845 quis
717 2781 793 2832 esset
803 2792 912 2832 veneno
924 2778 1009 2845 hujus
1021 2781 1164 2844 nequitiae
1181 2780 1314 2844 iniectus,

83 2867 118 2917 ut
135 2864 233 2930 potius
251 2865 412 2916 membrum
434 2864 580 2929 putridum
604 2863 704 2929 pereat
728 2875 812 2927 quam
832 2863 924 2914 totum
945 2875 1069 2927 corpus;
1087 2864 1172 2927 atque
1189 2864 1314 2917 assistite

84 2947 220 3012 episcopo
230 2948 325 2998 vestro
338 2947 368 2999 et
379 2946 515 3012 capitulo,
525 2946 695 3011 praebentes
707 2945 831 3011 primum
843 2945 894 3006 eis,
901 2946 933 2995 ut
944 2944 1036 3007 decet,
1047 2944 1171 2996 debitam
1183 2958 1313 2998 reveren-

84 3031 199 3081 tiamac
211 3029 392 3081 devotionem
403 3042 437 3081 ac
448 3028 601 3081 reddentes
613 3042 657 3090 ea,
671 3042 744 3092 quae
761 3029 827 3078 sunt
840 3026 905 3092 Dei,
923 3027 983 3079 Deo
997 3043 1004 3091 ;
1026 3027 1128 3080 deinde
1146 3027 1315 3082 adhibentes

86 3112 196 3164 eisdem
218 3110 358 3163 auxilinm
377 3112 408 3164 et
428 3112 567 3174 savorem,
593 3113 625 3163 ut
648 3111 794 3163 mediante
821 3107 929 3175 (opere)
957 3110 1051 3161 vestro
1076 3111 1216 3176 purgetur
1234 3111 1318 3164 vinea

87 3194 205 3247 Domini
232 3193 278 3246 his
301 3194 467 3260 pernitiosis
493 3194 630 3250 sentibus.
654 3207 690 3246 ne
709 3192 898 3244 molestarent
917 3191 947 3244 in
972 3191 1131 3257 periculum
1159 3193 1318 3245 animarum

85 3279 246 3330 vestrarum
256 3291 264 3341 3
273 3290 340 3328 nam
351 3290 403 3342 per
414 3276 535 3328 istorum
544 3274 673 3328 fallacias
685 3275 777 3327 tendit
786 3274 917 3327 diabolus
934 3275 1052 3327 insidias
1064 3273 1153 3338 vobis,
1163 3289 1314 3343 quaerens,

86 3362 234 3424 tamquam
245 3357 291 3411 leo
301 3359 443 3426 mugiens,
455 3372 540 3422 quem
552 3359 678 3411 devoret.

120 3440 181 3493 Nos
197 3453 265 3492 vero
283 3438 488 3506 omnipotenti,
508 3440 589 3504 cujus
601 3440 636 3491 dc
648 3453 680 3491 re
701 3438 808 3505 agitur,
825 3436 973 3490 humiliter
992 3436 1194 3504 supplicamus,
1214 3441 1316 3492 utros

86 3522 255 3576 corroboret
263 3523 293 3575 in
302 3523 379 3575 omni
391 3521 564 3575 abundantia
574 3522 690 3574 virtutis
702 3523 731 3573 et
740 3520 857 3583 nucius
868 3521 1071 3587 sicgradiendo
1080 3522 1111 3573 in
1120 3522 1173 3573 viis
1181 3523 1316 3587 justifica·

87 3607 200 3659 tionum
211 3619 328 3658 suarum
337 3607 367 3658 et
374 3604 614 3670 tranquillitatem
624 3605 654 3656 in
663 3603 717 3655 hoc
729 3604 843 3656 saeculo
856 3605 886 3656 et
897 3605 928 3657 in
941 3605 1038 3657 tuturo
1056 3607 1173 3658 aeterna
1189 3606 1319 3671 praemia

88 3688 224 3754 consequi
235 3688 360 3754 possitis.
366 3688 481 3753 Verum,
493 3686 673 3740 dilectissimi
682 3687 745 3750 filii,
757 3700 844 3739 unum
853 3689 907 3750 est,
916 3689 991 3752 quod
1004 3689 1184 3741 devotionem
1193 3691 1317 3742 vestram

87 3769 221 3823 volumus
239 3771 359 3836 paterna
386 3783 567 3824 commonere
595 3770 736 3835 caritatc3
764 3769 865 3833 idest,
886 3772 928 3837 ut,
957 3770 982 3822 si
1002 3784 1123 3835 quorum
1143 3771 1248 3825 delicta
1267 3785 1317 3824 vos

88 3855 188 3907 forsan
196 3853 353 3916 offendunt,
363 3853 408 3906 vel
420 3867 478 3905 non
487 3854 598 3920 agendo
610 3854 687 3917 quod
699 3854 805 3907 debent
820 3852 865 3906 vel
884 3848 967 3918 quod¹
977 3866 1033 3904 non
1045 3854 1149 3906 debent
1160 3854 1315 3920 operando,

88 3936 185 3990 uelitis
201 3937 357 3989 secundum
371 3936 471 3989 sancta
492 3935 643 3988 doctorum
659 3937 747 3989 verba
772 3936 964 3997 considerare,
993 3950 1050 3986 non
1073 3936 1141 4001 quid
1163 3937 1218 4003 ipsi
1247 3936 1316 3990 mali

90 4019 206 4082 isaiam,
220 4019 270 4072 sed
281 4019 376 4086 potius
385 4019 453 4084 quid
466 4033 515 4071 vos
532 4017 600 4070 boni
617 4020 712 4071 tacere
725 4018 861 4070 debeatis.
873 4017 908 4070 In
925 4018 1002 4069 omni
1019 4018 1096 4070 enim
1107 4019 1270 4072 conditione
1287 4020 1318 4072 et

92 4106 179 4167 statu,
191 4104 267 4157 sicut
277 4104 319 4157 ait
329 4104 444 4156 sanctus
455 4103 650 4165 Hieronimus,
663 4101 778 4168 optimis
789 4101 932 4168 permixta
948 4102 1014 4154 sunt
1024 4101 1148 4168 pessima
1160 4118 1167 4166 3
1179 4118 1229 4154 vos
1247 4116 1317 4157 vero

92 4187 127 4239 ad
152 4200 282 4240 normam
310 4186 450 4239 bonorum
476 4184 616 4238 ecclesiae
641 4186 795 4250 praecepta
819 4186 886 4237 ante
906 4183 1004 4236 oculos
1026 4185 1135 4236 vestros
1156 4199 1318 4251 proponere

94 4269 213 4333 debetis,
227 4268 330 4323 intenti
349 4270 384 4321 ad
396 4269 555 4320 doctrinam
572 4280 670 4319 sanam
682 4269 712 4320 et
726 4266 855 4335 salubria
873 4267 982 4320 monita
993 4280 1102 4328 eorum,
1120 4267 1169 4332 qni
1181 4269 1217 4320 ad
1230 4268 1320 4335 expli·

95 4353 215 4404 candum
235 4349 286 4402 illa
304 4350 384 4402 vobis
407 4350 473 4402 sunt
484 4349 641 4413 constituti,
662 4349 764 4414 quibus
778 4348 919 4400 malorum
941 4347 1073 4414 exempla
1093 4349 1229 4402 mutanda
1239 4351 1319 4402 vobis

95 4435 169 4499 sune
177 4433 229 4486 sed
237 4433 387 4496 bonorum,
396 4432 446 4498 qui
454 4432 580 4485 rariores
588 4435 664 4494 sunt,
674 4445 708 4484 eo
717 4430 905 4497 suppliciores
917 4445 980 4486 esse
993 4431 1129 4484 debemus
1141 4431 1211 4494 Deo,
1224 4433 1256 4485 ut
1265 4447 1317 4485 nos

97 4518 234 4572 bonorum
253 4514 314 4583 (qui
332 4515 457 4571 rariores
479 4515 555 4582 sunt)
578 4513 660 4570 malit
679 4527 742 4569 esse
763 4513 872 4569 similes
889 4527 974 4582 quam
993 4513 1143 4568 malorum.
1164 4515 1252 4586 Ergo,
1262 4515 1317 4570 tilii
