3188 5340
535 535 637 589 ANNO
657 532 795 587 llrollrl
1241 544 1275 595 3³

64 704 245 793 ondeugden
258 703 406 791 predikte
418 701 458 769 de
470 700 590 787 heilige
602 700 950 788 priesterlmmbertus,
959 705 1061 772 wiens
1074 705 1215 794 bijnaam
1233 730 1273 797 op

59 813 132 900 nijne
149 807 313 894 stichting
328 806 389 875 der
403 807 562 894 Begijnen
575 805 603 871 is
614 824 835 891 overgegaan.
853 806 1031 875 Daarmede
1046 810 1216 880 verwekte
1229 815 1273 901 bij

57 913 108 983 dan
126 921 225 982 toorn
240 911 298 978 der
311 909 521 995 onwaardige
534 908 761 995 geestclijken,
780 908 832 974 die
848 914 944 995 tegen
958 911 1033 978 hem
1048 914 1111 980 den
1124 913 1274 1004 bisschop

56 1016 220 1105 opruiden.
247 1015 296 1101 Op
312 1014 407 1080 denes
424 1010 518 1079 bevel
536 1012 627 1078 werd
644 1011 689 1098 hij
711 1012 743 1077 in
760 1012 800 1077 de
815 1011 1138 1083 St·Lambertuslrerlr
1155 1037 1276 1106 aenge-

55 1120 178 1188 luonden
195 1140 238 1186 en
263 1119 343 1184 door
366 1115 581 1204 geestelijken
599 1114 711 1182 aldaar
727 1114 942 1193 mishandeld,
958 1139 1090 1207 waarop
1106 1122 1152 1208 hij
1169 1123 1275 1208 proie-

53 1223 173 1300 teerde,
189 1221 245 1289 dat
257 1223 314 1287 het
327 1220 434 1286 altaer
446 1220 504 1285 der
516 1220 558 1285 H.
574 1216 692 1305 Maagd
708 1239 768 1286 zou
782 1219 897 1286 dienen
911 1226 960 1287 tot
978 1223 1204 1311 voederplaats
1216 1225 1275 1295 der

53 1328 204 1405 varkens,
221 1326 364 1410 hetgeen
378 1324 411 1389 in
428 1323 523 1408 April
544 1322 629 1389 1185
641 1321 704 1388 dan
724 1321 785 1388 ook
799 1324 952 1409 geschied
969 1325 996 1391 is
1013 1346 1056 1392 na
1071 1327 1129 1394 het
1140 1328 1276 1396 ufbran-

54 1431 109 1497 den
126 1429 189 1496 der
204 1427 301 1494 kerk.
321 1427 478 1511 Bisscbop
496 1425 688 1512 Radulpbus
706 1427 761 1523 liet
780 1425 970 1495 humbertus
986 1449 1069 1495 naar
1080 1432 1138 1499 het
1150 1431 1277 1501 kaateel

55 1555 112 1600 van
129 1534 290 1618 Rerogne
302 1529 540 1615 overbrengen,
555 1530 681 1596 alwear
693 1529 738 1617 hij
756 1531 789 1595 in
807 1530 893 1617 zijne
909 1534 1110 1618 gorangenis
1128 1535 1168 1601 de
1184 1536 1275 1605 Han·

55 1637 205 1723 delingen
222 1635 281 1701 der
294 1633 446 1720 Apostels
462 1633 510 1700 uit
528 1631 584 1699 het
604 1631 715 1719 Latijn
733 1632 765 1698 in
783 1632 805 1700 't
818 1634 966 1701 Franscb
984 1638 1175 1717 vertaalde;
1203 1660 1277 1707 men

58 1746 136 1826 negt,
156 1739 215 1806 dat
231 1738 270 1804 de
288 1737 412 1823 apostol
430 1736 552 1802 Paulus
576 1734 650 1800 hem
667 1736 779 1802 aldaar
797 1737 1000 1805 verschenen
1016 1740 1045 1805 is
1063 1761 1104 1806 en
1129 1741 1203 1808 hem
1221 1743 1278 1812 bet

60 1843 191 1930 noodige
201 1846 252 1909 tot
264 1841 329 1928 aijn
343 1837 551 1924 schrijlwerli
565 1837 735 1924 bezorgde.
747 1839 876 1906 Deama
889 1840 972 1908 zond
985 1843 1059 1908 hem
1072 1844 1112 1910 de
1124 1843 1276 1932 biaschop

63 1966 134 2013 naar
156 1945 222 2013 den
239 1964 319 2031 pens
344 1961 396 2007 om
419 1942 503 2030 aijne
526 1940 659 2029 ketterij
681 1945 715 2007 te
736 1942 825 2010 laten
851 1942 1089 2013 onderzoeken.
1117 1948 1211 2015 Maar
1238 1950 1278 2017 de

67 2069 133 2134 pana
157 2047 258 2135 sprak
281 2046 356 2112 hem
368 2044 444 2133 rrij,
464 2044 589 2112 achonk
604 2044 680 2110 hem
704 2045 743 2111 de
760 2045 921 2133 toelating
944 2068 996 2114 om
1013 2055 1046 2116 te
1062 2050 1216 2136 prediken
1235 2073 1276 2119 en

71 2151 224 2219 roudham
240 2170 321 2216 naar
337 2148 419 2216 Luik
435 2154 545 2235 terug,
564 2168 657 2214 waar
680 2147 724 2234 hij
750 2149 903 2216 overleed
926 2150 969 2238 bij
995 2152 1081 2240 zijne
1097 2155 1274 2241 terugreis.

11 2264 14 2317 Ι
99 2288 206 2340 iliadem
218 2288 314 2351 itaque
326 2286 426 2338 dietum
437 2285 557 2336 domnus
566 2284 742 2350 Radulphus,
756 2285 855 2349 dequo
868 2296 954 2348 supra
964 2287 1137 2339 mentionem
1148 2291 1277 2353 fecimus,

80 2371 264 2422 virsecundum
281 2368 371 2421 seculi
388 2368 558 2434 dignitatem
576 2382 631 2419 non
648 2369 770 2432 intimus,
790 2367 976 2419 Leodiensem
987 2369 1137 2422 ecclesiam
1148 2375 1277 2439 regebat.

84 2453 121 2504 llic
133 2454 247 2506 avaritie
264 2452 374 2503 facibus
391 2465 543 2502 succensus
562 2451 793 2516 predecessorum
809 2464 924 2502 suorum
937 2464 1065 2504 errorem
1082 2454 1280 2508 detestandum

85 2549 125 2585 non
141 2536 227 2588 solum
244 2535 330 2586 verbo
354 2533 530 2599 approbavit,
549 2533 598 2584 sed
623 2532 708 2583 etiam
728 2547 814 2598 opere
838 2532 1009 2599 adimplevit.
1029 2535 1109 2587 Fecit
1125 2540 1202 2589 enim
1222 2554 1278 2592 non

87 2617 208 2680 mirabilia,
221 2617 270 2669 sed
283 2615 457 2668 miserabilia
469 2616 498 2666 in
509 2616 567 2666 vita
578 2629 637 2666 sua.
652 2614 805 2680 Spirituale
817 2629 936 2680 namque
947 2616 1143 2683 intemporale
1155 2635 1278 2674 commu·

88 2700 139 2759 uns,
152 2701 184 2751 de
199 2697 370 2764 incorporali
388 2698 457 2750 fccit
472 2696 629 2761 corporale,
649 2696 723 2760 quod
740 2709 801 2748 esse
821 2695 944 2748 alienum
960 2712 977 2749 a
994 2712 1091 2751 rerum
1109 2704 1209 2754 natura
1222 2719 1277 2755 non

90 2779 177 2832 dubium
187 2785 238 2833 est.
251 2780 415 2833 Prebendas
428 2793 549 2843 namque
558 2780 588 2830 in
600 2780 662 2830 foro
671 2792 768 2830 rerum
780 2778 921 2831 venalium
933 2794 985 2846 per
1001 2795 1115 2833 manum
1132 2786 1278 2848 cujusdam

90 2864 208 2927 amous,
229 2864 278 2928 qui
299 2861 496 2928 appellabatur
517 2861 664 2926 Udelinus,
687 2876 772 2914 senex
793 2863 907 2926 quidem
928 2865 957 2914 et
976 2865 1149 2917 inveteratus
1167 2866 1278 2919 dierum

90 2943 207 3008 malorum,
219 2947 302 2999 vendi
319 2946 458 3008 faciebat;
477 2946 512 2996 ad
529 2945 621 3010 ipsum
638 2946 733 2996 autem
751 2958 847 2996 omnes
859 2945 1047 3010 confluebant,
1060 2949 1108 3012 qui
1121 2949 1278 3013 prebendas

10 3072 15 3097 ι
91 3037 160 3080 emera
167 3029 304 3090 volebant,
321 3029 425 3080 namin
435 3041 500 3079 eum
512 3028 636 3092 potestas
647 3025 828 3093 integraliter
845 3027 984 3080 translata
1000 3031 1093 3081 fuerat
1101 3031 1277 3082 mercimonii

91 3108 260 3165 tuncrudelis.
346 3147 349 3153 ι

115 3187 193 3257 ltaque
208 3195 294 3246 huius
310 3194 386 3244 modi
405 3193 548 3244 erroribus
567 3205 631 3242 cum
649 3192 705 3242 iam
723 3192 835 3243 irretita
852 3195 998 3245 teneretur
1016 3194 1106 3261 Legis
1125 3198 1153 3246 et
1172 3196 1279 3248 eisdem

92 3276 371 3341 onumnatafuisset,
385 3276 531 3328 suscitavit
548 3275 624 3326 Deus
640 3275 773 3339 spiritum
786 3276 875 3327 sancti
889 3276 1034 3328 cuiusdam
1054 3279 1207 3330 sacerdotis
1224 3280 1279 3330 viri

93 3351 199 3423 rebglosi,
217 3361 267 3424 qui
287 3359 455 3411 Lambertus
473 3358 494 3409 li
516 3357 619 3423 Reges,
642 3357 708 3421 quia
727 3356 826 3408 balbus
846 3360 915 3410 erat.
936 3359 970 3409 dc
988 3361 1084 3412 sancto
1105 3360 1279 3414 christoforo

92 3433 217 3503 dicebatur,
235 3443 345 3494 aculus
358 3442 525 3507 cognomine
538 3439 672 3492 mulieres
684 3442 713 3491 et
730 3439 834 3505 puelle,
847 3454 902 3505 que
914 3442 991 3491 caste
1004 3441 1097 3493 vivere
1109 3449 1279 3509 proponunt,

92 3515 200 3584 Btffltbree
210 3525 318 3577 Gallice
336 3525 581 3590 cognominantur,
600 3524 668 3588 quia
684 3524 745 3587 ipse
762 3523 869 3587 primus
888 3524 991 3585 extitit,
1010 3524 1058 3587 qui
1079 3525 1120 3575 eis
1139 3529 1280 3590 premium

90 3604 198 3658 castitatis
217 3608 303 3659 verbo
327 3609 356 3658 et
375 3606 504 3671 exemplo
528 3606 693 3670 predicavit.
716 3605 788 3656 Nam
800 3606 829 3656 in
847 3605 906 3655 illis
924 3606 1023 3657 diebus
1046 3621 1143 3658 omnes
1160 3622 1280 3674 persone

88 3685 262 3751 ecclesiastice,
275 3689 434 3740 sacerdotes
452 3691 481 3739 et
498 3690 638 3751 canonici,
657 3689 778 3739 focarias
795 3701 860 3739 suas
879 3690 1012 3753 tanquam
1024 3689 1206 3755 desponsatas
1217 3709 1280 3746 cum

86 3782 166 3836 magno
183 3773 319 3837 apparatu
336 3785 368 3822 ac
383 3770 507 3835 tripudio
520 3771 659 3821 ducebant
671 3773 699 3821 et
711 3784 758 3822 eas
770 3769 883 3835 publice
894 3771 924 3821 iu
936 3772 994 3822 suis
1005 3772 1135 3824 domibus
1147 3789 1234 3839 usque
1247 3777 1281 3827 ad

83 3860 183 3904 nortem
195 3853 344 3905 habebant.

104 3934 186 3985 llomo
210 3937 263 3987 iste
284 3937 374 3987 iustus
391 3939 420 3989 et
439 3937 592 3987 timoratus
610 3936 680 3997 crat,
699 3937 727 3987 et
745 3935 872 3999 quamvis
889 3934 1048 3988 litterarum
1066 3939 1166 3990 studiis
1183 3955 1282 4005 parum

75 4018 216 4070 instructus
232 4019 341 4079 fuisset,
360 4019 466 4070 Christi
486 4021 581 4072 tamen
594 4019 689 4084 gratia
705 4019 809 4082 inipso
827 4032 883 4068 non
895 4018 1000 4070 decrat.
1014 4018 1176 4085 Intrepidus
1189 4023 1283 4087 itaque

9 4096 11 4113 '
71 4104 95 4152 et
103 4101 212 4154 fervore
225 4101 290 4152 lldei
303 4104 437 4163 armatus,
450 4101 555 4168 populo
567 4102 715 4167 predicare
724 4102 808 4165 cepit,
823 4100 1022 4153 bestialitatem
1034 4117 1146 4168 quoque
1158 4105 1283 4169 ipsorum

69 4187 93 4238 et
108 4197 237 4236 errorem
255 4183 398 4249 detegere.
411 4184 470 4235 Nec
479 4197 569 4246 mora,
581 4186 642 4235 tota
650 4184 750 4234 civitas
758 4185 899 4234 commota
907 4186 959 4247 est,
969 4189 1142 4250 curruntque
1154 4189 1285 4237 certatim

65 4267 160 4334 populi
172 4267 209 4319 ad
221 4265 328 4317 insoliti
341 4265 479 4317 sermonis
489 4266 727 4331 predicationem
741 4278 861 4329 quorum
872 4264 997 4329 plurimi,
1010 4267 1117 4318 relictis
1129 4269 1283 4329 erroribus,

63 4353 164 4417 quibus
176 4349 298 4400 forsitan
310 4361 361 4414 per
373 4348 547 4414 prelatorum
568 4362 684 4400 suorum
701 4348 840 4399 incuriam
856 4349 884 4399 et
900 4346 1105 4413 negligentiam
1116 4352 1286 4402 tenebantur

58 4432 206 4500 impliciti,
218 4443 249 4483 se
260 4443 391 4495 peccasse
402 4431 524 4482 fatentes
536 4430 648 4483 adeum
660 4430 787 4481 conversi
800 4431 874 4481 sunt.

91 4517 233 4569 videntes
244 4514 335 4581 igitur
350 4512 536 4566 ecclesiarum
552 4512 657 4578 prelati
674 4512 875 4578 predicationis
893 4511 977 4565 huius
994 4512 1156 4578 opinionem
1167 4513 1286 4566 invales-

56 4615 136 4666 cere,
150 4613 219 4651 suos
231 4610 344 4662 quoque
355 4597 427 4648 ritus
438 4595 549 4648 irritari
561 4598 591 4648 et
602 4596 742 4662 deperire,
755 4594 895 4661 indignati
907 4599 972 4648 sunt
984 4596 1126 4649 dicentes:
1140 4619 1153 4640 v
1164 4597 1232 4657 Quis
1243 4600 1287 4648 est

1222 4722 1238 4773 3
