3188 5340
547 526 652 602 anuo
672 525 813 578 issaram
1248 530 1297 582 133

73 691 201 744 inchoato
219 705 332 756 errore,
349 692 497 759 praeoepit
512 691 670 745 sententiae
698 692 998 745 excommunicationis
1018 692 1131 746 vinculo
1154 695 1295 747 innodari.

70 775 172 828 Omnes
182 776 366 842 presbyteros
377 777 463 841 atque
472 775 601 838 elericos,
614 773 816 840 cujuscumque
828 777 917 827 status
934 775 981 828 vel
998 777 1169 830 conditionis
1180 780 1211 831 et
1221 779 1297 831 ordi·
1311 799 1313 802 ·

68 858 111 909 nis
120 858 288 919 existerent,
301 859 350 924 qui
362 859 446 910 dietis
464 856 704 925 Flagellatoribus
716 858 874 923 praebuere
885 859 1019 911 ducatum
1031 872 1064 911 ae
1075 860 1146 926 ipsis
1158 859 1295 913 adhaese·

66 941 132 992 mut
147 942 179 992 et
194 941 393 1008 superstitioni
411 941 472 993 sive
489 941 738 993 adinventionibus
755 941 824 1002 suis,
842 942 988 1008 praeoepit
1007 942 1115 994 carceri
1135 942 1294 1009 mancipari

64 1023 262 1088 periodorum
284 1023 455 1086 ordinarios,
467 1024 600 1076 invocato
618 1024 654 1076 ad
669 1022 733 1086 hoo,
755 1024 779 1074 si
804 1037 920 1076 necesse
940 1024 1038 1087 merit,
1055 1023 1162 1077 auxilio
1183 1024 1294 1078 brachii

63 1105 212 1169 secularis,
230 1108 320 1159 donee
337 1108 373 1158 ab
391 1107 453 1173 ipso
472 1120 559 1173 super
575 1105 631 1158 hoo
648 1106 812 1171 reciperent
828 1105 905 1158 aliud
923 1107 953 1158 in
970 1107 1121 1158 mandatis.

96 1188 155 1241 Per
165 1189 242 1241 istud
253 1189 337 1241 modo
347 1189 463 1241 evanuit
474 1190 504 1241 et
514 1188 620 1241 deiecit
632 1189 704 1240 ritus
716 1190 746 1241 et
756 1190 954 1253 superstitiosa
974 1189 1136 1242 adinventio
1154 1191 1294 1244 dictorum

64 1269 299 1338 flagellatorum,
312 1285 386 1336 quae
396 1284 450 1337 per
459 1271 512 1324 Dei
521 1272 645 1338 gratiam
651 1271 688 1323 de
697 1276 810 1323 caetero
822 1271 899 1323 iuter
906 1270 1077 1324 christianos
1087 1287 1143 1325 non
1150 1276 1291 1341 resurget.

95 1354 382 1407 Pmeuostioaveraut
400 1354 516 1418 quidam
529 1354 696 1418 astronomi,
709 1354 784 1419 quod
796 1354 1010 1419 coniunctiones
1022 1353 1090 1407 illae
1101 1355 1291 1422 planetarum,

64 1450 137 1500 quae
160 1438 276 1489 merant
295 1451 370 1489 anno
396 1437 562 1489 Domiidoae
579 1437 783 1488 incarnationis
795 1436 968 1489 MCOGXLV
980 1438 1010 1489 in
1021 1450 1118 1490 mense
1130 1438 1292 1501 Februarii,

63 1520 265 1585 significabant
283 1520 477 1586 apparitiones
495 1518 699 1585 prophetarum
723 1521 753 1571 et
769 1519 981 1572 immutationes
1003 1522 1145 1573 sectarum
1162 1535 1293 1588 guerras·

65 1615 119 1666 que
135 1602 186 1654 diu
198 1601 350 1656 duraturas
361 1603 439 1654 inter
454 1613 540 1669 reges
557 1603 587 1654 et
602 1601 746 1669 principes
757 1602 789 1653 in
797 1601 943 1667 aliquibus
960 1603 1136 1670 regionibus,
1148 1605 1292 1671 quaejam

65 1685 160 1738 omnia
176 1685 299 1738 vidimus
310 1685 448 1738 evenisse.

326 1797 483 1853 Chronioon
493 1800 626 1852 mum
635 1797 871 1862 Flendrsnsium,
889 1800 1060 1867 uitgegeven
1069 1801 1140 1853 door
1149 1800 1191 1853 De
1203 1801 1291 1865 Smet,

358 1881 465 1951 Corpus
475 1881 672 1936 chronieorum
684 1880 921 1946 Eturaminadeel
933 1882 958 1948 1,
964 1881 1017 1939 bla.
1028 1881 1078 1935 226
1089 1896 1125 1937 en
1136 1881 1186 1936 227
1194 1883 1291 1951 (1837).

571 2081 618 2149 οι
643 2070 783 2169 (19712).

104 2249 196 2325 1349,
221 2247 320 2328 iuni,
349 2284 380 2298 -·
398 2252 490 2325 1350,
516 2247 685 2317 arabant.
712 2248 895 2317 Uittreksel
918 2249 969 2319 uit
996 2270 1057 2317 eeu
1081 2243 1290 2319 baudsohm’ft

60 2350 115 2418 dor
133 2348 205 2418 15³⁰
217 2371 311 2419 eeuw
328 2370 408 2418 orer
422 2351 463 2418 de
477 2350 684 2433 Geeselaars,
699 2352 813 2421 huune
825 2352 1048 2442 baudelingeu
1060 2374 1103 2421 eu
1116 2352 1157 2422 de
1169 2354 1288 2423 under·

59 2453 226 2541 drukking
240 2454 372 2531 huuuor
388 2460 490 2524 seete.

89 2593 164 2648 Item
175 2593 221 2645 int
230 2594 293 2659 jaer
304 2593 370 2658 xiijo
389 2592 459 2657 xlix,
483 2594 527 2647 int
544 2591 674 2661 beginsei
691 2607 746 2645 van
762 2595 949 2659 wedemaent,
961 2597 1036 2649 doen
1047 2598 1206 2665 regueerde
1216 2611 1288 2652 eene

58 2679 198 2731 seetevan
209 2676 304 2729 lieden
315 2677 477 2744 gbeheeten
499 2677 736 2739 crucebroeders,
757 2678 804 2730 die
825 2678 937 2734 hadden
954 2692 1008 2734 eeu
1019 2693 1105 2733 oruoe
1114 2694 1204 2734 uoren
1215 2682 1288 2735 ende

57 2761 155 2814 aohtre
169 2777 177 2824 ;
195 2761 269 2812 ende
288 2774 409 2825 quameu
423 2760 495 2813 hunt
506 2759 622 2827 hooghe
634 2759 814 2827 Almaengen
823 2762 852 2814 te
865 2762 993 2815 Brabant
1003 2764 1093 2815 waert
1110 2763 1286 2828 treokende3

55 2846 127 2897 ende
139 2843 240 2896 aehter
248 2844 295 2896 die
304 2847 381 2896 seete
393 2857 451 2896 was
463 2843 618 2896 treckende
630 2841 687 2895 alle
699 2845 849 2897 manieron
865 2859 919 2897 van
931 2845 1107 2913 gheraepten
1124 2847 1285 2901 voloxkine.

55 2926 135 2978 Eudo
147 2926 183 2990 aij
193 2924 380 2977 outeleedden
391 2923 457 2977 hom
466 2939 536 2976 voor
549 2925 584 2976 de
595 2923 700 2986 liedeu,
709 2925 781 2977 ende
793 2926 827 2990 aij
840 2924 980 2994 sloughen
992 2926 1058 2979 bom
1068 2925 1167 2980 aelven
1178 2929 1286 2982 metten

54 3007 195 3076 gheselen
205 3020 273 3059 over
285 3006 321 3059 de
330 3008 479 3071 seoudreu,
485 3007 534 3059 dat
541 3008 574 3071 aii
588 3019 675 3073 zepen
688 3008 798 3060 vauden
808 3006 919 3060 bloede.
928 3008 1009 3061 Euda
1018 3007 1180 3062 hemliedan
1190 3010 1287 3062 voleb-

54 3093 109 3146 den
127 3091 254 3154 lodders,
275 3091 394 3156 putiers,
419 3091 532 3152 diesen,
554 3089 710 3156 loddighen
733 3091 928 3143 mordeuaers.
950 3092 1030 3145 Ende
1055 3093 1089 3158 aij
1108 3091 1206 3146 hilder
1222 3093 1286 3146 vele

54 3175 174 3242 pointen
189 3186 243 3226 vau
256 3172 537 3240 enghelovieheden3
556 3174 632 3225 want
648 3174 681 3238 aij
698 3173 827 3226 aubeden
845 3175 905 3226 niet
921 3174 970 3226 dat
981 3174 1104 3242 beleghe
1116 3178 1285 3241 sacrament,

53 3257 95 3310 ala
106 3258 189 3309 ment
199 3256 343 3309 sacreirde
353 3256 426 3308 ende
443 3255 543 3322 uphiei
565 3255 596 3307 in
613 3255 649 3308 de
671 3255 795 3323 heleghe
814 3270 916 3320 messe,
937 3257 1011 3309 nooh
1031 3258 1064 3322 iij
1077 3270 1114 3311 en
1131 3258 1284 3324 bewiJ'sdeu

51 3340 166 3409 gheene
177 3338 356 3392 werdiobode
373 3338 429 3391 den
448 3339 593 3405 priesters.
616 3338 696 3391 Euda
716 3340 822 3404 aeyden
835 3354 896 3402 ooo,
914 3341 962 3393 dat
974 3341 1007 3406 aij
1021 3354 1078 3392 xxx
1090 3340 1204 3408 dagben
1216 3342 1284 3396 desa

52 3423 217 3490 penitencie
245 3421 376 3488 ghedaeu
404 3420 526 3484 haddon,
550 3435 600 3472 noo
629 3421 742 3474 hadden
770 3423 804 3487 aij
833 3423 964 3475 verdient
991 3420 1183 3477 verlatenesse
1210 3425 1285 3479 ende

52 3503 293 3571 quijtseeldiughe
304 3519 358 3557 van
370 3502 446 3556 allen
458 3504 565 3556 aonden
579 3503 650 3556 ende
660 3503 727 3569 pino
741 3502 793 3556 der
803 3504 911 3557 sonden
925 3521 933 3568 3
951 3503 1039 3557 buten
1056 3504 1150 3559 welke
1161 3505 1227 3571 alle,
1237 3508 1284 3561 die

51 3590 145 3655 quaed
157 3602 264 3651 waren,
276 3586 514 3642 aehtemolohden
532 3586 598 3640 hem
611 3603 618 3651 ;
637 3588 710 3639 ende
727 3587 762 3639 de
775 3601 864 3653 paens
880 3588 952 3641 dede
963 3588 1030 3640 dese
1046 3589 1195 3643 voorseide
1206 3594 1283 3645 seete

52 3677 81 3727 te
98 3673 188 3725 niete.

84 3755 252 3824 Sommighe
261 3757 397 3809 meesters
406 3755 437 3807 in
447 3755 648 3820 astronomyeu
659 3753 706 3806 die
715 3753 907 3819 voorspraken
916 3755 965 3806 dat
974 3755 1003 3806 in
1013 3754 1138 3821 deniare
1147 3756 1282 3824 xiijoxlvi,

51 3840 94 3894 als
106 3841 157 3893 dat
168 3841 274 3892 binnon
285 3841 312 3904 vj
323 3839 406 3904 jnren
422 3838 530 3890 aouden
552 3836 704 3904 ghevailen
721 3835 784 3889 vele
804 3835 973 3904 oorloghen,
985 3837 1049 3890 vele
1065 3837 1200 3905 wiJghen,
1217 3839 1282 3895 vele

52 3922 305 3988 oonumpezskeu
327 3921 466 3974 skerstins
485 3919 607 3988 ghelove
629 3919 702 3972 ende
725 3919 903 3986 dyverseben
927 3919 1096 3986 ghesoillen,
1119 3919 1157 3974 de
1172 3920 1280 3976 hesron

49 4005 159 4072 jeghen
176 4004 368 4072 tghemeente,
389 4005 458 4057 daer
477 4003 539 4057 veie
560 4001 821 4068 bloetsturtinghen
840 4004 869 4054 oi
884 4003 973 4067 riisen
991 4003 1109 4065 aouden,
1132 4003 1206 4056 ende
1217 4003 1281 4058 vele

50 4088 167 4141 vremde
189 4075 286 4141 secter
307 4089 414 4142 aouden
431 4089 487 4141 dan
508 4101 547 4154 up
569 4087 678 4151 rijsen;
707 4085 780 4138 ende
808 4087 857 4138 dat
880 4083 937 4138 viel
960 4085 987 4138 al
1009 4098 1097 4150 waer,
1124 4087 1201 4138 want
1225 4087 1280 4140 doe

50 4170 231 4239 begbousten
241 4171 419 4233 Lollaerden,
432 4171 570 4224 zwesters
582 4169 655 4221 ende
667 4169 768 4221 zuster
781 4167 873 4221 Luteu
884 4168 957 4220 ende
967 4168 1074 4221 andere
1085 4168 1279 4223 Broederkins

50 4268 105 4307 van
117 4253 279 4320 ghelijoker
290 4256 375 4316 seete,
388 4254 461 4306 ende
483 4253 537 4306 doe
560 4265 683 4318 quamen
707 4251 754 4304 die
771 4251 967 4313 Gheesolaers,
987 4251 1035 4303 die
1054 4251 1281 4306 cruoebrosders

49 4337 189 4390 voomeit.

83 4422 118 4475 In
136 4421 191 4473 den
207 4421 288 4484 jaare
304 4420 368 4485 xiije
387 4419 408 4483 l,
420 4420 493 4472 doen
505 4433 562 4472 was
571 4420 657 4486 groot
673 4419 759 4472 otiaet
774 4420 804 4472 te
815 4419 936 4481 Roome,
948 4418 1129 4485 eudegroote
1137 4417 1281 4472 meuiohte

47 4520 105 4557 vau
117 4503 219 4556 voloke
230 4503 377 4569 ghingbeu
389 4504 418 4556 te
434 4503 544 4556 Roome
553 4514 646 4554 omme
658 4504 686 4554 te
697 4501 897 4569 vererijghene
914 4516 933 4553 a
939 4498 1108 4569 monoalpa
1122 4515 1129 4564 3
1141 4501 1219 4554 want
1229 4501 1280 4555 bet

46 4601 109 4642 was
119 4585 174 4640 wel
185 4599 240 4639 van
251 4584 581 4651 nooden,wantmeuieb
593 4583 727 4640 meuaohe
738 4599 797 4640 was
814 4585 957 4641 verwsten
971 4584 1044 4638 ende
1054 4583 1084 4641 in
1100 4597 1203 4654 spaeus
1221 4585 1276 4641 ban
