3188 5340
719 518 822 572 ANNO
841 518 907 573 1418
1371 519 1422 573 21⁴9

188 687 347 751 paupertas
354 685 495 738 veraciter
502 697 553 738 seu
562 684 709 737 meritorie
719 684 875 747 inuenitur,
883 685 997 750 oportet
1006 683 1079 749 quod
1088 684 1249 736 necessario
1258 685 1421 741 obedientia

190 774 222 824 et
233 770 350 824 castitas
361 771 502 823 veraciter
519 784 570 823 seu
588 769 737 822 meritorie
754 770 948 823 inueniantur.
968 769 1110 821 Probatur
1126 769 1190 830 ista,
1208 769 1276 833 quia
1292 784 1366 835 papa
1380 771 1421 822 sic

192 853 291 920 arguit
300 854 331 905 in
343 852 480 906 decretali
493 851 563 906 Cum
574 849 609 904 de
619 849 799 921 quibusdam.
810 852 865 914 Qui
877 866 934 903 non
946 852 1115 904 renunciant
1132 852 1265 916 propriis,
1283 867 1340 905 non
1355 859 1421 905 sunt

193 935 345 1002 religiosi3
363 949 434 1003 ergo
452 937 574 1001 propriis
593 935 794 986 renunciantes
814 936 880 986 sunt
897 934 1038 999 religiosi,
1056 936 1086 987 et
1103 934 1195 985 omnis
1211 933 1365 1000 religiosus
1378 932 1422 983 est

194 1019 355 1071 necessario
366 1018 451 1071 simul
464 1032 527 1070 cum
544 1019 712 1083 paupertate
731 1017 839 1069 adalia
855 1017 911 1068 duo
929 1015 1049 1068 consilia
1067 1017 1206 1068 veraciter
1222 1015 1374 1082 obligatus,
1392 1015 1422 1066 et

194 1102 302 1153 cetera.

228 1181 303 1236 Onia
314 1190 340 1237 et
351 1199 489 1236 neumam
497 1181 685 1236 aneatorum
696 1189 722 1234 et
733 1181 945 1234 conclusionum
953 1180 1157 1249 prediatenem.

225 1266 246 1330 Ι.
259 1265 425 1331 Proprietas
433 1263 633 1331 temporalium
642 1278 740 1317 rerum
752 1264 839 1317 statui
848 1263 971 1316 seculari
983 1263 1176 1316 essentialiter
1183 1264 1226 1315 est
1235 1275 1355 1315 annexa.

226 1349 256 1413 ij.
269 1347 373 1400 Nullus
385 1348 447 1400 sine
459 1348 574 1414 peccato
586 1348 679 1412 potest
691 1345 763 1398 illud
775 1347 899 1411 abjicere
911 1361 967 1410 quo
979 1347 1092 1399 retento
1109 1347 1203 1412 potest
1217 1344 1422 1397 conuenienter

194 1430 293 1483 viuere
301 1431 457 1483 amandum
467 1433 571 1483 statum
583 1443 677 1481 suum.

225 1511 269 1576 iij.
282 1511 387 1566 Omnes
397 1515 524 1579 peccant,
534 1512 584 1578 qui
595 1512 669 1564 bona
677 1525 729 1564 sua
740 1510 910 1576 simpliciter
918 1511 947 1563 in
960 1511 1153 1577 elemosynam
1165 1510 1329 1578 largiuntur
1336 1524 1419 1575 prop·

194 1595 241 1646 ter
252 1594 405 1647 Christum.

226 1677 281 1742 iiij.
291 1678 507 1730 abdicationem
517 1676 643 1729 omnium
655 1677 773 1741 propter
781 1674 924 1727 Christum
937 1674 1032 1726 nullus
1041 1677 1137 1727 lacere
1146 1674 1241 1739 potest
1249 1675 1330 1726 extra
1339 1684 1422 1724 veras

192 1761 351 1826 religiones
368 1758 506 1811 manendo
523 1759 586 1811 sine
602 1760 719 1823 peccato
735 1755 852 1808 mortali
869 1759 898 1808 et
915 1758 979 1807 dico
996 1770 1078 1808 veras
1089 1755 1246 1821 religiones
1263 1768 1315 1821 per
1325 1754 1420 1806 sedem

193 1841 381 1911 apostolicam
392 1842 573 1908 approbatas.

226 1941 254 1979 v.
272 1926 353 1991 Papa
375 1939 431 1977 non
451 1924 545 1990 potest
563 1924 729 1991 dispensare
752 1935 816 1974 cum
836 1921 1022 1984 secularibus,
1044 1922 1077 1972 ut
1097 1920 1228 1972 omnibus
1249 1919 1279 1970 in
1299 1918 1421 1972 seculari

192 2009 321 2062 careant.

226 2093 266 2157 vj.
279 2089 309 2144 Si
318 2102 392 2156 papa
403 2087 498 2154 posset
507 2085 593 2138 alicui
604 2087 761 2139 concedere
772 2086 836 2151 hoc,
849 2089 916 2137 tunc
926 2087 1022 2151 posset
1031 2086 1059 2138 ei
1071 2084 1226 2137 concedere
1238 2082 1354 2149 proprie
1362 2081 1421 2133 vite

194 2173 429 2233 subtractionem,
438 2170 513 2235 quod
523 2172 566 2222 est
577 2173 677 2225 eontra
685 2171 851 2235 preceptum
865 2168 1012 2235 decalogi:
1028 2168 1091 2220 Non
1103 2167 1224 2219 occides.

226 2255 275 2320 vii.
288 2253 455 2321 Religiosus
465 2267 522 2304 non
535 2253 629 2318 potest
640 2253 701 2304 sine
712 2253 828 2318 peccato
841 2250 955 2303 mortali
967 2251 1100 2304 abdicare
1112 2247 1288 2304 voluntatem
1300 2249 1424 2304 habendi

191 2337 368 2400 communia,
378 2335 490 2400 quando
500 2337 564 2387 actu
573 2334 643 2387 talia
655 2334 816 2387 nonhabet.

226 2420 288 2485 viij.
301 2420 382 2480 Quod
394 2419 498 2484 aliquis
515 2419 553 2470 sit
563 2418 725 2471 voluntarie
742 2432 851 2484 pauper
867 2420 984 2484 propter
1001 2416 1144 2471 Christum
1157 2419 1188 2470 in
1198 2416 1294 2469 seculo
1307 2430 1424 2469 manens

193 2503 313 2555 omnino
321 2500 394 2555 nihil
403 2501 573 2554 habandein
582 2499 723 2568 singulari
732 2515 785 2554 nec
794 2502 880 2553 etiam
890 2499 980 2566 ipsam
989 2500 1163 2554 voluntatem
1176 2500 1298 2553 habendi
1308 2499 1424 2565 propria

191 2584 319 2638 includit
329 2585 405 2636 omni
415 2585 545 2650 tempore
556 2584 821 2636 contradictionem.

227 2668 270 2719 ix.
282 2665 387 2720 Nullus
398 2669 492 2733 potest
510 2667 686 2732 paupertatis
700 2666 851 2717 consilium
869 2665 1015 2717 meritorie
1033 2666 1197 2730 obseruare,
1218 2665 1273 2716 nisi
1290 2663 1378 2716 luerit
1395 2664 1424 2714 in

191 2751 272 2803 statu
284 2748 443 2815 spiritualis
451 2749 637 2816 perlectionis
646 2749 707 2800 sive
715 2762 782 2801 vere
791 2748 950 2815 religionis,
962 2749 1025 2800 dico
1035 2750 1132 2801 autem
1143 2761 1240 2800 veram
1252 2747 1423 2813 religionem

188 2831 322 2884 secundo
333 2830 417 2882 modo
426 2831 533 2894 dictam
543 2829 724 2897 religionem.

222 2929 253 2966 x.
266 2915 447 2979 Reputantes
464 2927 495 2966 se
516 2915 685 2966 benelacere
705 2914 874 2965 assumendo
897 2914 1104 2978 paupertatem,
1126 2925 1181 2977 que
1201 2913 1246 2964 sat
1267 2909 1424 2963 saluatoris

181 2996 354 3060 aemilium,
364 2996 540 3048 remanendo
552 2997 582 3047 in
593 2999 669 3048 statu
681 2996 814 3058 seculari,
827 2999 946 3062 peccant
958 2995 1128 3047 mortaliter.

219 3081 262 3144 xj.
276 3079 418 3131 Abdicare
431 3079 527 3130 omnia
538 3079 625 3130 etiam
635 3081 752 3144 proptor
769 3079 923 3140 Christum,
937 3079 991 3129 nisi
1004 3091 1100 3130 veram
1121 3078 1150 3130 et
1170 3076 1355 3142 approbatam
1374 3087 1422 3126 re·

180 3161 333 3229 ligicnem
355 3161 545 3228 ingrediatur,
567 3163 611 3212 est
633 3162 688 3212 sibi
711 3162 740 3212 ct
763 3161 831 3222 suis,
856 3174 976 3225 quorum
999 3174 1069 3212 cura
1089 3160 1143 3211 sibi
1167 3158 1313 3218 incumbit,
1335 3157 1423 3208 vitam

181 3243 371 3305 subtrahere,
386 3244 461 3308 quod
482 3245 526 3295 est
545 3243 730 3295 homicidium
751 3245 929 3295 committere
942 3245 984 3294 tot
1004 3243 1151 3294 hominum
1174 3242 1243 3306 quot
1263 3235 1349 3292 etiam
1362 3239 1424 3291 eius

182 3341 261 3380 cure
272 3326 444 3378 subduntur.

219 3411 273 3476 xij.
288 3410 442 3462 Credentes
458 3422 489 3462 se
509 3411 616 3462 mereri
636 3410 724 3460 vitam
745 3411 874 3461 eternam
893 3408 945 3461 tali
957 3409 1136 3460 abdicatione
1155 3407 1276 3459 credunt
1293 3419 1324 3457 se
1340 3418 1423 3471 posse

184 3493 299 3546 mereri
307 3492 396 3544 vitam
408 3494 537 3545 eternam
549 3491 712 3544 mortaliter
728 3493 883 3557 peccando.

220 3575 286 3639 xiij.
299 3573 416 3626 Effundi
428 3588 525 3627 omnes
536 3573 695 3641 opessimul
708 3576 743 3626 ab
752 3574 807 3636 his,
816 3576 864 3640 qui
880 3573 1017 3627 voluntin
1031 3573 1127 3627 seculo
1137 3587 1261 3636 manere,
1275 3570 1422 3622 reducitur

188 3657 273 3724 quasi
283 3656 449 3709 immediate
460 3658 496 3709 ad
504 3657 577 3709 illud
589 3659 774 3723 preceptum:
788 3658 851 3709 Non
864 3658 991 3709 occides.

220 3739 297 3804 xiiij.
312 3738 416 3790 Dicens
428 3739 523 3790 omnia
534 3739 681 3791 meritorie
693 3752 755 3791 esse
765 3739 925 3804 abjicienda
934 3740 1052 3804 propter
1064 3738 1210 3791 Christum
1221 3740 1381 3792 remanenti
1394 3741 1424 3791 in

191 3820 290 3874 seculo
301 3822 346 3872 est
357 3819 500 3873 hereticus
512 3821 690 3873 iudicandus.

224 3918 270 3956 xv.
285 3902 390 3956 Nullus
409 3904 663 3969 potestmeritcric
684 3905 713 3956 et
724 3905 879 3956 secundum
900 3906 990 3958 Deum
1008 3905 1183 3968 obedientie,
1205 3906 1382 3972 paupertatis
1395 3907 1423 3958 et

194 3988 334 4041 castitatis
345 3985 465 4038 consilia
477 3989 559 4039 extra
569 4000 652 4039 veras
661 3991 689 4040 et
698 3989 868 4053 approbatas
880 3988 1036 4055 religiones
1047 3989 1187 4040 manendo
1198 3988 1366 4055 adimplere.

224 4071 282 4135 xvi.
296 4070 367 4122 Tria
384 4069 540 4122 saluatoris
557 4070 677 4122 consilia
688 4072 754 4122 sunt
771 4071 812 4122 sic
829 4073 1024 4132 concatenata,
1036 4073 1077 4133 ut,
1092 4072 1141 4122 ubi
1158 4075 1311 4137 paupertas
1331 4073 1422 4126 meri·

196 4153 268 4205 toria
279 4153 310 4203 in
323 4152 458 4217 quantum
471 4153 515 4204 est
527 4152 683 4205 saluatoris
696 4152 846 4205 consilium
855 4154 1011 4216 inuenitur,
1024 4155 1137 4220 oportet
1148 4156 1180 4205 ut
1193 4156 1353 4207 necessario
1367 4155 1425 4207 alia

193 4237 259 4298 duo,
270 4233 377 4286 scilicit
388 4234 503 4287 castitas
515 4237 544 4286 et
553 4235 724 4297 obedientia,
743 4236 937 4297 inueniantur‚
951 4249 1006 4300 que
1019 4239 1213 4304 apaupertate
1226 4239 1354 4302 separari
1366 4252 1422 4290 non

194 4319 324 4385 possunt.

225 4400 293 4464 xvij.
301 4399 432 4452 Matrona
440 4414 491 4453 seu
500 4401 636 4453 mulieres
646 4414 825 4453 communem
836 4400 923 4453 vitam
935 4402 1070 4454 ducentes
1082 4403 1196 4454 insimul
1206 4405 1422 4466 commorantm,

190 4484 319 4550 Begutte
328 4480 486 4548 vulgariter
497 4488 668 4549 nuncupate,
681 4497 863 4548 quoscunque
875 4497 988 4536 errores
1008 4499 1064 4536 non
1078 4487 1207 4538 tenentes
1219 4489 1268 4538 aut
1280 4487 1427 4552 predican-

190 4571 237 4621 tes
260 4578 314 4618 seu
340 4563 412 4618 alias
437 4566 473 4618 de
503 4567 649 4619 erroribus
677 4566 722 4619 rel
750 4567 877 4620 heretica
902 4568 1045 4633 prauitate
1074 4583 1130 4620 non
1156 4571 1296 4635 suspecte,
1325 4571 1425 4623 eterne

187 4647 392 4704 damnationis
403 4650 469 4702 sunt
479 4648 540 4703 filie
550 4651 579 4703 et
589 4663 688 4703 earum
699 4651 789 4703 status
801 4651 845 4705 est
853 4648 1015 4718 prohibitus
1027 4652 1057 4704 et
1067 4651 1228 4706 damnatus.
