3188 5340
306 744 758 874 VERZAMELING
792 780 922 875 vnn
959 779 1257 878 snuttttnu

689 971 876 1009 emmaum

436 1093 481 1144 uit
507 1094 721 1144 PAUSELIJKE
746 1096 792 1145 EN
815 1095 1129 1149 BISSOHOPPRLIJKE

208 1270 536 1505 tttlltttttt
616 1273 697 1459 ll
752 1273 842 1453 llll
905 1272 1393 1457 tilitiitttttt

547 1558 1011 1626 totnanvutttngvannostt

711 2039 732 2106 1
756 2027 909 2130 (ill-‹1›

240 2271 332 2353 1077,
350 2272 471 2340 Maart
487 2274 547 2356 25,
566 2273 768 2344 Belianellm
795 2273 974 2344 Uittreksel
990 2273 1038 2342 uit
1054 2260 1135 2340 eene
1157 2273 1212 2341 bul
1232 2294 1297 2342 van
1315 2274 1397 2342 Gre-

205 2377 288 2458 gorius
310 2379 373 2444 VII
395 2379 526 2464 gericht
548 2384 598 2449 tot
619 2381 800 2458 Josfredns,
835 2380 986 2468 bisschop
1011 2400 1074 2447 ran
1098 2380 1217 2469 Perijs,
1238 2399 1317 2448 oter
1340 2379 1398 2445 het

205 2479 273 2560 getal
289 2501 349 2547 van
368 2482 579 2550 Ramihrdus.
598 2521 640 2534 —
656 2485 702 2551 De
726 2504 806 2571 paus
821 2482 911 2551 heeft
923 2483 1081 2570 gehoord,
1099 2483 1156 2551 dat
1171 2483 1211 2550 de
1235 2480 1398 2568 Kamerij·

204 2577 257 2646 len
270 2604 367 2650 eenen
384 2605 460 2651 man
476 2585 639 2653 verbrand
656 2586 795 2666 hebben,
815 2587 926 2654 omdat
949 2586 995 2674 hij
1010 2587 1134 2673 gezegd
1158 2587 1235 2666 had,
1254 2586 1311 2654 dat
1334 2605 1397 2652 aen

206 2682 310 2752 simonie
322 2707 364 2753 en
376 2686 548 2755 fornicatio
563 2689 732 2776 schuldige
745 2692 901 2776 priesters
914 2690 954 2757 de
972 2691 1031 2756 mis
1045 2690 1113 2757 niet
1126 2690 1275 2756 mochten
1291 2689 1396 2756 lezen.

205 2784 241 2872 Hij
254 2795 363 2877 traegt
382 2812 442 2857 een
459 2793 641 2859 onderzoek
665 2793 725 2861 der
745 2793 827 2862 zaak
851 2814 904 2874 en,
924 2814 981 2860 zoo
999 2792 1129 2879 noodig,
1157 2814 1237 2860 eene
1261 2795 1397 2877 strenge

207 2891 268 2957 ttrai
278 2913 354 2960 roor
369 2894 410 2961 de
434 2895 636 2982 schuldigen.

229 3050 283 3105 Item
295 3055 415 3108 relatum
427 3058 508 3109 nobis
520 3060 562 3110 est
577 3059 795 3114 cameracenses
804 3061 949 3114 homiuem
958 3062 1099 3127 quendam
1108 3060 1229 3113 flammis
1238 3058 1400 3122 tradidisse,

209 3138 299 3198 eoquod
315 3140 492 3205 symoniacos
504 3145 532 3193 et
543 3142 726 3208 presbyteros
738 3144 925 3196 fornicatores
941 3144 1041 3195 missas
1059 3157 1116 3193 non
1133 3142 1237 3194 debere
1254 3140 1400 3194 celebrere

210 3215 293 3279 elquod
305 3220 418 3273 illorum
428 3224 552 3274 officium
564 3225 682 3277 minime
693 3226 903 3291 suscipiendum
913 3227 988 3277 toret
1000 3225 1095 3276 dicere
1107 3237 1192 3276 ausus
1204 3224 1301 3276 tuerit.
1321 3222 1401 3284 Quod

210 3298 334 3358 tuiauobis
351 3304 433 3356 valde
452 3304 581 3357 terribile
595 3307 781 3368 etsiverum
798 3310 850 3368 est,
867 3308 944 3358 omni
956 3308 1053 3374 rigore
1072 3307 1224 3359 canonicae
1242 3305 1401 3359 severitatis

209 3379 377 3437 vindicandum
396 3400 458 3438 esse
477 3387 599 3450 videtur,
623 3390 832 3441 tretemitetem
854 3393 932 3442 tuam
949 3390 1071 3442 sollicite
1084 3390 1167 3441 huius
1190 3391 1232 3441 rei
1252 3389 1402 3441 veritatem

210 3458 323 3525 inquirere
335 3483 537 3523 ammonemus.
553 3469 626 3522 Etsi
639 3484 688 3521 eos
707 3471 742 3520 ad
762 3473 870 3521 tantam
882 3471 1079 3522 crudelitatem
1100 3471 1201 3535 impias
1217 3483 1318 3521 manus
1338 3482 1402 3520 suas

208 3546 337 3602 extendisse
360 3552 537 3618 cognoveris,
562 3553 598 3603 ab
622 3552 740 3603 introitu
761 3555 790 3603 et
810 3554 886 3603 omni
904 3551 1101 3603 communione
1124 3551 1261 3603 ecclesiae
1273 3552 1403 3603 auctores

207 3627 289 3687 valler
303 3636 331 3684 et
343 3632 496 3698 complices
508 3633 592 3684 huius
612 3633 729 3684 sceleris
746 3647 880 3698 separare
898 3648 954 3684 non
974 3633 1107 3698 differes3
1126 3636 1154 3684 et
1166 3634 1247 3684 nobis
1258 3632 1342 3684 huius
1359 3632 1403 3685 rei

205 3712 376 3767 certitudinem
400 3730 509 3767 necnon
533 3716 670 3780 quioquid
690 3716 725 3768 de
746 3717 941 3781 superioribus
963 3717 1055 3768 causis
1078 3718 1209 3769 effectum
1232 3717 1328 3780 luerit,
1352 3731 1405 3783 per

203 3791 291 3848 litteras
302 3801 364 3850 tuas
376 3812 461 3863 quem
473 3799 610 3851 citissime
622 3801 713 3864 possis
725 3800 851 3853 indicare
864 3801 954 3853 stude.

440 3938 524 4000 leffe,
544 3933 725 4002 Bibliotheca,
747 3940 810 3993 deel
828 3940 867 4003 II,
881 3942 933 3992 blz.
946 3941 1004 3992 268.
1016 3941 1100 3993 -De
1117 3941 1337 4006 verdereatloop
1354 3941 1406 3992 der

472 4020 762 4155 {aleztklilsegnlgekend
776 4051 807 4061 —
821 4022 970 4090 Vergelijk
987 4024 1016 4074 in
1037 4022 1142 4091 Coopus
1158 4024 1172 4076 1
1191 4023 1240 4075 het
1256 4024 1318 4075 stuli
1332 4033 1361 4075 nr
1377 4023 1403 4085 7,

213 4377 251 4442 (l)
267 4379 331 4431 Aan
344 4376 364 4427 ’t
374 4376 461 4428 hoold
473 4390 527 4428 van
539 4376 620 4428 ieder
628 4375 694 4427 stult
702 4375 744 4428 ael
756 4389 822 4428 men
834 4377 906 4428 tuce
924 4377 1020 4441 cijters
1031 4377 1143 4447 rinden.
1157 4376 1213 4428 Het
1225 4379 1316 4428 eerstc
1329 4378 1407 4442 geeIt

181 4461 229 4515 het-
254 4460 455 4526 volgnummer
477 4472 531 4512 ven
555 4459 598 4509 dit
617 4459 725 4512 tweede
745 4459 808 4512 deel
832 4474 888 4526 op3
912 4459 961 4512 het
989 4459 1102 4520 andere,
1131 4457 1263 4509 tussohen
1289 4457 1407 4524 heakjes

179 4543 339 4613 geplaetst,
349 4542 431 4594 duidt
439 4555 503 4605 aen,
516 4554 594 4595 wear
604 4542 654 4596 het
664 4542 731 4596 stult
742 4544 773 4596 in
785 4543 855 4597 Deel
867 4544 881 4596 1
893 4558 944 4595 aou
956 4544 1068 4595 moeten
1080 4540 1270 4608 ingeschoven
1282 4543 1406 4594 worden.
