3256 5324
195 509 246 563 288
691 506 795 561 ANNO
815 506 879 559 1420

198 675 266 741 lum,
276 675 312 728 ad
324 674 535 740 inquisitionem
545 673 714 726 auctoritate
725 673 870 725 ordinaria
879 669 1073 732 descenderat,
1083 671 1113 722 et
1122 669 1151 720 in
1160 679 1247 720 causa
1255 660 1426 718 huiusmodi

199 759 305 811 diutius
316 758 503 824 processerat,
517 756 603 808 testes
620 757 650 808 et
670 754 741 807 allas
760 755 944 821 probationes
963 752 1127 818 recipiendo
1145 764 1232 816 super
1242 745 1379 802 articulis
1398 744 1429 796 et

198 840 401 894 assertionibus
412 838 585 900 memoratis,
599 851 720 902 quorum
731 842 845 890 tenores
856 840 1013 900 sequuntur
1024 836 1054 888 in
1067 834 1121 888 hec
1132 835 1236 887 verbe:

230 923 340 976 caritas
350 923 438 975 estad
450 923 534 975 deum
543 923 573 974 et
583 921 754 986 proximum,
767 922 798 973 et
808 934 864 972 nou
873 920 909 972 ad
921 919 1055 984 seipsum.

231 1005 307 1058 Deus
318 1018 375 1057 nou
392 1004 503 1057 remisit
518 1017 611 1068 neque
622 1004 770 1057 remittere
781 1004 875 1069 potest
892 1002 1004 1068 culpam
1019 1001 1163 1067 peccatori
1184 1001 1293 1063 absque
1315 994 1419 1062 preuia

198 1088 379 1141 contritione.

230 1170 388 1226 Presbiteri
410 1168 517 1234 publici
538 1168 731 1234 concubinarlj
753 1181 809 1220 non
830 1167 937 1221 habent
958 1167 1160 1220 auctoritatem
1177 1178 1229 1218 seu
1245 1161 1417 1231 potestatem

198 1252 364 1308 absoluendi
380 1253 567 1318 peccatorem.
581 1251 619 1304 Et
629 1252 761 1317 peccator
773 1251 918 1303 consessus
929 1250 1070 1302 sacerdoti
1086 1249 1202 1316 publico
1213 1243 1418 1301 concubinarie

199 1335 309 1389 recedit
317 1334 423 1400 absque
433 1332 620 1386 absolutionc.

207 1410 209 1415 ’
233 1417 382 1472 Orationes
394 1417 425 1470 et
439 1430 539 1482 preces
553 1414 680 1469 missales
699 1414 800 1468 talium
812 1416 990 1470 sacerdotum
1006 1415 1186 1482 publicorum
1203 1409 1416 1467 concubinsrio-

199 1513 263 1554 rum
282 1501 349 1553 suut
370 1498 476 1552 nullius
496 1499 619 1564 valoris;
642 1502 672 1551 et
688 1500 773 1552 misse
791 1512 843 1563 per
859 1498 932 1551 tales
951 1498 1167 1551 concubinarios
1192 1495 1340 1550 celebrate
1365 1505 1416 1558 pro

200 1585 342 1638 defunctis
353 1584 403 1636 aut
411 1583 485 1635 riuis
496 1584 562 1635 sunt
574 1581 681 1634 nullius
692 1582 808 1635 valoris.
1325 1598 1328 1604 ¹

233 1667 332 1720 Oratio
341 1680 397 1719 nou
406 1666 492 1719 debet
502 1665 590 1732 dirigi
602 1665 658 1719 nisi
669 1666 705 1717 ad
715 1666 807 1718 Deum
817 1665 1003 1729 solummodo,
1013 1667 1043 1718 et
1052 1679 1107 1717 non
1119 1664 1155 1717 ad
1166 1666 1289 1717 sanctos.

233 1750 331 1803 curati
348 1750 446 1801 dicum
456 1748 652 1814 parrochianis
669 1749 738 1812 suis,
756 1750 831 1812 quod
849 1748 949 1801 saltem
969 1747 1057 1801 semel
1078 1748 1108 1800 iu
1130 1761 1203 1800 armo
1223 1743 1421 1813 parrochianis

201 1833 316 1887 tenetur
327 1831 457 1884 confiteri
464 1846 515 1883 suo
524 1831 640 1897 proprio
650 1832 759 1882 curato.

232 1913 374 1986 Religiosi
384 1914 539 1980 presentati
551 1915 617 1965 sunt
626 1914 736 1979 proprii
746 1915 909 1967 sacerdotes
917 1915 948 1966 et
957 1914 1018 1966 veri
1027 1913 1129 1966 curati.

233 1996 331 2052 curati
342 1997 502 2062 impediunt
513 1994 718 2062 parrochianos
729 2011 805 2060 suos,
818 2011 854 2049 ne
872 1998 940 2050 dent
959 2011 1012 2049 nec
1028 1997 1136 2049 iaciant
1152 1994 1334 2060 elemosinas,
1347 1993 1424 2046 dona

201 2083 251 2136 aut
261 2079 357 2148 legata
366 2078 602 2143 mendicantibus,
614 2082 644 2131 et
660 2093 697 2132 nc
716 2079 785 2131 dicti
805 2078 985 2147 parrochiani
1002 2078 1112 2147 eligant
1128 2078 1289 2144 sepulturas
1305 2089 1373 2130 suas
1392 2076 1424 2128 in

201 2163 334 2217 domibus
345 2162 512 2216 eorumdem
520 2161 754 2216 mendicantium.

234 2245 461 2300 Mendicautibus
489 2244 659 2310 presentatis
681 2237 750 2310 ipsis
775 2246 920 2298 confessus
942 2244 1021 2298 licite
1048 2246 1142 2310 potest
1169 2243 1298 2310 recipere
1316 2255 1423 2308 corpus

202 2329 327 2396 christu
345 2330 375 2381 et
395 2342 451 2379 non
477 2329 573 2394 potest
591 2341 645 2380 nec
659 2328 744 2381 debet
760 2331 875 2380 curatus
898 2330 1026 2379 confesso
1048 2327 1274 2380 mendicantibus
1301 2324 1425 2392 pretatis

202 2413 345 2480 denegare
356 2424 459 2476 corpus
471 2400 594 2475 Christi3
612 2411 686 2474 quod
699 2412 724 2462 si
732 2412 865 2478 deneget,
878 2410 971 2462 dictus
982 2412 1097 2463 curatus
1108 2412 1208 2475 peccat
1217 2408 1382 2462 monautsr
1393 2409 1426 2459 et

202 2497 246 2550 est
254 2495 523 2548 excommunicatus.

237 2577 347 2639 Statim,
357 2577 475 2642 peccato
487 2573 602 2628 mortali
611 2576 770 2639 commisso,
782 2578 915 2642 peccator
926 2575 978 2627 sub
986 2588 1061 2642 pena
1071 2575 1180 2642 peccati
1191 2573 1324 2636 mortalis
1337 2571 1425 2638 debet

203 2658 275 2713 illud
286 2658 427 2721 confiteri,
439 2657 604 2723 priusquam
616 2658 811 2712 obliuiscetur.

235 2742 300 2796 Nou
311 2743 355 2796 est
370 2740 485 2794 mulieri
501 2755 573 2808 opus
592 2739 756 2808 purificari3
769 2743 903 2808 quinymo
916 2741 970 2796 hoc
982 2742 1093 2795 scilicet
1104 2740 1250 2808 purificari
1268 2742 1312 2793 est
1331 2736 1425 2806 judai·

201 2838 277 2883 ΝΘ*

235 2907 393 2962 Presbiterl
411 2906 519 2974 publici
536 2908 728 2974 concubinarlj
747 2910 814 2961 sunt
824 2911 937 2975 peiores
953 2910 1039 2971 duda,
1057 2909 1107 2974 qui
1118 2909 1154 2961 de
1164 2906 1268 2960 loculis
1279 2903 1426 2972 apostolo·

201 3004 265 3046 rum
276 2991 399 3044 nutriuit
408 3002 489 3043 suam
500 2991 687 3044 concubinam
699 2994 729 3044 et
737 3006 803 3045 suas
814 2992 921 3059 proles.

234 3074 391 3127 Presbiteri
403 3073 510 3140 publici
522 3075 714 3140 concubinarlj
727 3077 793 3127 sunt
804 3075 1050 3138 excommunicati,
1060 3077 1090 3128 et
1101 3087 1196 3127 secum
1208 3071 1322 3139 publice
1334 3071 1425 3124 scieu-

202 3159 248 3210 ter
256 3156 468 3224 participantes.

235 3229 338 3292 Plures
347 3240 509 3292 sacerdotes
521 3239 657 3292 amodico
670 3241 799 3306 tempore
812 3241 884 3294 citra
895 3240 1118 3294 licentiauerunt
1128 3240 1195 3293 dcte
1214 3252 1279 3291 suas
1291 3235 1426 3290 concubi·v

203 3334 275 3387 ως
293 3323 369 3383 dcte,
382 3322 585 3387 inquam,quia
601 3322 712 3375 occulte
733 3324 833 3375 bibunt
854 3327 883 3375 et
900 3326 1051 3376 comedunt
1072 3337 1137 3375 cum
1158 3323 1218 3374 suis
1237 3319 1426 3382 concubinis3

201 3405 277 3472 quod
289 3402 383 3457 nudus
400 3403 485 3456 debet
496 3403 566 3469 pati,
587 3419 653 3470 ymo
665 3419 730 3457 cum
740 3405 848 3458 eisdem
868 3406 1062 3459 sacerdotibus
1078 3405 1200 3472 publicis
1217 3402 1428 3466 concubinariis

201 3487 402 3542 conuessautes
424 3487 454 3537 et
476 3499 526 3538 ecs
548 3488 738 3539 lauoriaautes
758 3489 824 3540 sunt
845 3489 950 3554 inpari
969 3490 1096 3555 peccato,
1120 3489 1150 3540 et
1168 3488 1288 3553 peccant
1309 3486 1361 3551 qul
1377 3497 1429 3538 eos

201 3572 333 3625 nituntur
344 3583 482 3621 excusare
495 3568 575 3621 ialsis
585 3570 684 3637 glosis.

211 3681 214 3688 ·
235 3651 265 3704 Sl
276 3651 457 3716 parrochiani
469 3652 589 3705 alicuius
606 3655 698 3705 curati
715 3654 907 3720 concubinarlj
929 3654 1036 3720 publici
1052 3655 1126 3707 bene
1148 3655 1239 3706 Deum
1258 3652 1427 3720 diligerent,

203 3733 341 3786 deberent
365 3733 496 3786 inhibere
516 3749 566 3787 suo
587 3738 685 3787 curato
706 3736 820 3800 publico
840 3739 1051 3801 concubinarie
1074 3750 1109 3789 ne
1132 3738 1246 3789 missam
1275 3740 1326 3788 aut
1349 3733 1428 3788 aliud

203 3815 333 3868 diuinum
344 3816 468 3868 officium
478 3831 573 3869 coram
583 3819 690 3872 eisdem
702 3819 883 3883 parochianis
895 3820 1067 3873 celebraret.

212 3922 214 3925 ·
235 3898 385 3953 Facientes
396 3898 543 3954 celebrare
562 3901 663 3954 missas
682 3915 735 3968 per
745 3904 908 3956 sacerdotes
919 3903 1137 3956 concubinarios
1156 3902 1286 3970 publicos
1306 3902 1429 3968 peccant

203 3980 375 4035 mortaliter.

235 4065 390 4200 Affifssoes
402 4066 525 4119 cienter
532 4066 633 4119 missas
645 4068 824 4121 sacerdotum
835 4067 1015 4135 publicorum
1027 4068 1295 4123 concubinariorum
1307 4068 1430 4134 peccaut

204 4159 251 4198 mo
309 4163 320 4199 1
351 4161 376 4200 r.

214 4254 216 4258 r
237 4228 270 4283 In
288 4228 431 4296 aliquibus
452 4231 632 4284 sermonibus
652 4233 711 4285 suis
730 4233 843 4286 vocauit
861 4234 1018 4287 obstinatos
1037 4235 1067 4288 et
1092 4235 1270 4302 reprobatos,
1299 4232 1428 4287 adiciens

203 4305 322 4366 ulterius
333 4313 409 4377 quod
419 4323 475 4366 non
484 4314 546 4367 sine
555 4327 641 4368 causa
652 4316 805 4381 presbiteri
816 4318 954 4369 vocantur
965 4317 1080 4370 ribaldi.

238 4395 1216 4466 DeterrebonoremteretrobeatiAntonljeratcrimenydololatrie.

237 4477 295 4540 Illi,
324 4479 373 4544 qul
398 4479 467 4533 dant
492 4479 529 4532 ad
556 4480 761 4534 comedendum
784 4482 879 4548 porcis
903 4482 1094 4538 baiulautibus
1120 4479 1318 4552 campanulum
1348 4482 1425 4537 beati

205 4561 332 4628 manu,
341 4563 628 4629 peccantmortaliter
636 4565 748 4619 ratione
759 4566 940 4631 precedente.
1421 4594 1424 4598 ⁴
