3188 5340
655 431 759 493 eribo
777 435 919 490 isli-isla
1355 439 1406 492 aiu

173 605 276 659 tocivm
297 605 375 661 orbis
396 604 573 674 ycomeniam
592 605 708 660 undem
723 605 780 658 init
801 603 941 660 devoluta.
962 604 1148 660 Reverendua
1172 605 1263 674 igitur
1281 605 1402 661 ecclesie

175 688 374 744 'lh‘siectensis
384 689 502 744 antistes
513 688 643 742 dominus
660 688 829 756 Fredericns
846 689 881 741 de
898 687 1109 741 Blauclsenhem
1123 690 1246 755 prudens
1264 692 1294 742 et
1305 689 1402 743 litera·

177 773 228 825 tus
253 774 383 839 patentes
394 768 494 827 literas
514 771 611 839 sigillo
633 786 684 825 suo
705 772 891 824 communitas
916 785 1030 825 caumm
1053 773 1220 838 premissam
1240 775 1401 839 statumque

179 854 310 908 omnium
318 853 485 908 devotorum
495 855 588 921 patrie
597 868 647 908 sue
659 855 836 908 continentes
845 855 938 907 eidem
948 854 1099 907 universali
1111 855 1269 907 transmisit
1280 855 1401 908 concilio

179 938 323 992 instanter
341 951 472 1001 exorans,
489 938 587 991 utiste
603 937 695 990 audax
707 938 798 990 irater
819 937 962 990 Mattheus
981 937 1074 990 Grabo
1092 937 1178 1004 digno
1194 939 1332 991 feriretur
1342 940 1402 991 ani·

180 1020 379 1075 matres-sione
399 1021 529 1087 reprobis
545 1021 575 1072 in
594 1019 766 1086 exemplum,
778 1020 864 1074 tidem
886 1021 944 1072 suis
965 1021 1072 1072 iaciens
1093 1021 1207 1085 scriptis
1224 1021 1400 1084 auctenticis,

181 1104 257 1169 quod
268 1101 358 1157 nichil
370 1114 504 1170 umquam
512 1102 581 1156 mall
592 1103 709 1171 mgnum
720 1104 882 1168 suspicione
893 1105 993 1154 contra
1003 1116 1112 1156 morem
1124 1101 1284 1156 ecolesiein
1292 1103 1401 1156 devotis

180 1183 266 1239 huius
276 1186 369 1253 patrie
380 1186 624 1252 sesusntriusque
643 1186 751 1238 invenit
770 1184 947 1250 delitescere,
968 1186 1018 1237 sed
1035 1198 1132 1237 omnes
1150 1188 1179 1237 et
1190 1184 1296 1253 singuli
1313 1186 1401 1257 vitam

178 1281 246 1323 vere
265 1266 452 1334 apostolicam
473 1266 593 1320 ecclesie
615 1267 757 1332 primitive
775 1269 806 1319 ut
825 1269 885 1319 veri
905 1266 1052 1320 christiani
1069 1267 1105 1320 ad
1121 1281 1224 1332 purum
1243 1270 1401 1320 servarent.¹

179 1349 260 1412 Quod
276 1350 320 1404 its
330 1364 361 1404 se
372 1349 479 1403 hahere
489 1349 665 1402 venerabiles
674 1351 769 1414 patres
780 1349 799 1402 J
801 1348 926 1402 ohannes
945 1349 980 1402 de
993 1349 1128 1403 liuesden
1145 1350 1176 1422 in
1193 1348 1358 1403 Windesem
1371 1353 1401 1402 et

177 1432 326 1487 lohannes
347 1430 431 1487 Wael
452 1433 483 1485 in
502 1431 651 1485 Bethleem
672 1431 779 1484 zuollis
800 1434 912 1498 priores
934 1445 992 1485 una
1014 1445 1078 1484 cum
1095 1431 1209 1484 domino
1227 1432 1352 1486 ilenrico
1364 1433 1401 1485 de

178 1513 276 1582 thays
301 1516 332 1568 et
353 1514 467 1568 domino
488 1513 633 1569 Everardo
656 1514 760 1579 Zuaen,
778 1515 808 1566 in
832 1512 982 1568 Oldencale
1000 1516 1067 1567 tunc
1087 1515 1233 1577 canonico,
1253 1517 1353 1580 postea
1369 1515 1399 1567 in

177 1597 353 1650 monasterio
372 1597 481 1649 ordinis
497 1597 587 1650 nostri
609 1608 698 1663 prope
721 1597 868 1651 Northorn
887 1596 1014 1664 regulari
1039 1598 1185 1659 canonico,
1205 1597 1312 1650 ibidem
1332 1599 1400 1650 tunc

176 1681 328 1746 presentes
355 1671 468 1745 publice
492 1681 522 1731 et
550 1681 712 1732 constanter
731 1680 904 1732 affirmantes
926 1679 1165 1745 protestabantur,
1187 1679 1271 1731 fldem
1291 1680 1327 1733 de
1344 1679 1400 1732 hiis

174 1761 326 1816 indubiam
336 1762 458 1814 dominis
475 1759 665 1815 cardinalibus
677 1763 706 1814 et
717 1764 825 1814 cunctis
841 1759 959 1828 prelatis
977 1762 1083 1814 ibidem
1094 1763 1241 1814 iacientes.
1255 1760 1398 1814 Fidelissi-

172 1859 237 1899 mns
260 1848 358 1898 sutem
377 1847 513 1898 executor
532 1843 681 1897 literarum
700 1844 901 1909 episcopalium
924 1846 980 1897 luit
1000 1845 1044 1896 vir
1062 1843 1112 1896 ille
1138 1844 1240 1897 doctus
1259 1845 1397 1911 magister

171 1925 351 1981 wilhelmus
362 1928 397 1979 de
408 1926 542 1989 Lochem,
554 1927 584 1978 in
596 1927 704 1978 artibus
712 1928 859 1993 magister,
877 1928 907 1979 in
920 1925 1066 1994 theologia
1077 1925 1238 1979 bacularius
1249 1927 1398 1989 tormatus,

169 2009 200 2063 ln
212 2011 298 2062 omni
315 2009 438 2062 moncia
460 2011 490 2061 et
507 2009 642 2061 iacultate
659 2009 824 2076 industrius,
842 2009 1036 2062 universitatis
1054 2009 1224 2061 Parisiensis
1247 2009 1277 2061 in
1297 2010 1398 2062 eodem

166 2091 300 2145 concilio
317 2091 498 2154 ambasiator,
519 2090 639 2144 ecclesie
658 2093 754 2144 sancte
777 2091 867 2143 Marte
887 2092 917 2143 in
940 2090 1093 2144 Deventria
1114 2093 1178 2158 post
1195 2091 1248 2143 hec
1261 2093 1400 2156 pastoret

164 2175 330 2228 canoniam
343 2171 633 2236 Deventriensis.Qni,
640 2173 765 2238 episcopi
774 2173 964 2226 'traiectensla
975 2174 1005 2225 in
1017 2175 1145 2225 omnium
1154 2170 1304 2226 andlencia
1316 2172 1398 2226 lectis

164 2255 317 2324 epistolis,
329 2255 436 2308 dictum
446 2257 565 2308 tratrem
575 2256 734 2309 Grsbonem
746 2259 889 2322 umquam
898 2255 1054 2309 hereticum
1065 2257 1095 2309 et
1103 2255 1299 2321 blasphemum
1311 2257 1398 2322 peciit

163 2339 347 2399 abiudicari,
355 2351 390 2391 eo
401 2338 477 2403 quod
488 2336 585 2402 plures
601 2338 668 2391 ndei
685 2338 856 2391 christianae
872 2339 1030 2391 contrarios
1041 2339 1071 2389 in
1084 2338 1181 2390 libello
1193 2353 1244 2391 suo
1256 2340 1399 2404 posuisset

163 2419 324 2484 articulos,
336 2419 468 2472 videlicet
478 2421 553 2486 quod
570 2419 665 2473 nuilus
682 2421 711 2473 in
723 2420 819 2486 aliem
830 2421 971 2487 religione
988 2422 1023 2473 ab
1036 2421 1156 2474 ecelesia
1173 2421 1328 2487 approbata
1339 2436 1397 2474 non

163 2505 322 2571 protessus
334 2502 390 2555 tria
402 2502 509 2555 ordinis
527 2503 729 2555 substancialia
747 2503 964 2569 (paupertatem,
981 2503 1139 2556 castitatem
1148 2491 1181 2555 ‘et
1191 2503 1396 2569 obedienciam)

163 2587 233 2643 sine
244 2585 367 2652 peccato
377 2583 490 2637 mortali
501 2585 597 2650 posset
606 2598 729 2650 servare,
747 2587 776 2637 et
786 2585 844 2638 alia
852 2584 935 2651 plura
945 2585 1052 2638 similla
1058 2584 1182 2638 heresim
1192 2586 1345 2650 sapiencia.
1358 2602 1362 2610 ’

196 2666 371 2723 cardinalis
380 2680 451 2734 ergo
462 2667 498 2720 ad
510 2668 648 2732 premissa
664 2682 681 2721 a
693 2667 815 2720 concilio
827 2669 1035 2720 commissarius
1046 2670 1076 2720 et
1087 2667 1141 2720 sibi
1158 2669 1323 2721 assistentes
1333 2681 1396 2721 rem

163 2752 256 2806 istam
264 2749 429 2804 necessario
440 2749 618 2813 ventilantes,
630 2750 813 2816 inspicientes
822 2753 851 2802 et
859 2752 963 2813 debite,
976 2752 1061 2815 prout
1073 2752 1194 2816 oportet,
1201 2750 1396 2804 examinantes

164 2834 334 2900 sopatrum
345 2831 497 2884 sentenciis
509 2831 631 2898 ildeique
643 2832 781 2885 catholice
794 2835 907 2885 omnino
920 2833 1094 2885 contrarium
1105 2831 1210 2884 librum
1221 2846 1304 2885 auum
1315 2846 1396 2899 repc-

165 2916 281 2970 rlenies
298 2913 480 2981 propterhec
496 2916 526 2967 et
537 2913 594 2967 alia
610 2916 761 2980 presertim
779 2916 886 2967 domini
909 2905 1060 2968 cardinalis
1079 2911 1181 2967 iudicis
1205 2915 1239 2967 ad
1257 2914 1396 2981 premissa

167 2998 329 3052 detentam
355 2997 528 3050 invasionem
549 2997 656 3049 dictum
683 2998 802 3050 tratrem
823 2998 985 3050 Grabonum
1006 2998 1037 3049 in
1065 2998 1186 3050 concilio
1209 2998 1348 3051 miserunt
1363 2999 1394 3050 in

169 3092 330 3135 mmmm.
338 3077 377 3132 Et
386 3080 440 3132 nisi
449 3078 554 3132 librum
565 3094 648 3131 suum
659 3083 777 3146 propter
789 3078 926 3132 articulos
938 3094 1073 3133 erroneos
1084 3081 1114 3133 in
1126 3094 1160 3133 eo
1173 3079 1394 3146 comprehensos

170 3163 231 3231 ipse
249 3163 404 3216 damnaret
421 3163 492 3214 etse
503 3160 657 3227 plurimum
670 3176 782 3215 errasse
793 3162 907 3228 publice
924 3161 1115 3229 proclamaret
1126 3164 1277 3228 ceteraque
1289 3163 1394 3217 similia

170 3245 251 3299 iuxta
261 3257 317 3298 sus
328 3244 467 3296 demerita
478 3245 552 3297 iuste
564 3246 618 3297 sibi
640 3245 816 3312 iniungenda
828 3245 951 3297 libenter
967 3246 1127 3312 perliceret,
1140 3246 1175 3298 de
1188 3259 1303 3299 carcere
1314 3232 1397 3300 exire'

171 3327 225 3380 nisi
245 3326 284 3380 ad
307 3327 405 3394 ignem
425 3327 539 3378 omnino
560 3341 616 3379 non
628 3329 732 3394 posset.
751 3327 805 3388 Qui
822 3326 891 3393 pelli
909 3340 959 3380 sue
980 3328 1183 3394 pertimescens
1203 3328 1309 3380 saniori
1326 3343 1394 3382 usus

171 3408 292 3462 consilio
304 3421 386 3461 reum
402 3422 433 3462 se
444 3411 587 3476 cognovit,
600 3413 757 3475 cunctaque
776 3411 914 3475 premissa
939 3412 969 3463 et
987 3409 1076 3462 multo
1099 3411 1208 3462 maiora
1228 3411 1258 3462 in
1280 3412 1394 3477 publica

170 3492 300 3564 omnium
315 3492 465 3544 audiencia
482 3493 581 3558 aperte
591 3494 738 3545 confessus
750 3492 854 3545 librum
866 3507 947 3547 suum
959 3493 1111 3555 damnavit,
1129 3494 1216 3545 vitam
1232 3496 1262 3546 et
1279 3507 1395 3547 conver·

170 3576 316 3629 racionem
342 3574 507 3627 devotorum
534 3576 757 3641 presbiterorum
783 3576 952 3629 clericorum
974 3579 1008 3630 et.
1031 3577 1205 3643 Beginarum
1230 3577 1393 3643 Darentrie,

168 3655 277 3710 Zuellis
288 3657 319 3709 et
329 3655 398 3710 alibi
416 3657 445 3708 in
458 3659 602 3711 communi
614 3659 675 3711 sine
686 3660 863 3724 protessione
875 3660 1032 3712 vivencium
1049 3658 1131 3712 valde
1142 3653 1396 3724 recommendavit,

168 3740 198 3793 et
216 3739 260 3792 sic
279 3739 378 3807 ignem
396 3741 573 3806 mortemque
591 3740 711 3793 evadens
731 3742 760 3792 in
778 3755 847 3806 pace
858 3742 914 3797 tuit
929 3742 1069 3794 dimissus.
1089 3742 1147 3795 Hec
1158 3743 1253 3796 omnia
1265 3744 1392 3797 seriatim

167 3823 266 3889 pstres
276 3821 444 3875 devotarum
456 3824 715 3890 congregacionnm
732 3825 886 3891 registrata
896 3825 1073 3878 conservant.

431 3920 498 3975 ioh.
512 3920 660 3986 Busohius,
680 3921 836 3976 Gbronmon
854 3921 1105 3987 Wiadcsbsmenss,
1125 3924 1178 3978 bls.
1198 3923 1314 3978 ira-174
1328 3926 1408 3992 (uie

467 4017 539 4072 gave
548 4019 602 4058 van
611 4006 715 4068 Grube,
729 4004 814 4072 1888.)

662 4193 903 4295 caepere).

213 4380 306 4458 1419,
326 4379 511 4449 December
527 4387 579 4465 ll,
599 4382 774 4452 llorence.
806 4384 992 4452 Notarie'ele
1014 4383 1093 4453 aits
1115 4381 1312 4454 bevattende
1329 4404 1390 4478 een

167 4482 357 4571 omstandig
378 4484 509 4574 verslag
521 4486 669 4554 overhet
681 4485 938 4576 beroepsgeding
964 4489 997 4554 in
1010 4487 1092 4556 sake
1108 4487 1257 4558 Nicolaas
1275 4487 1390 4558 Serru-
