3188 5340
184 444 233 497 296
699 443 803 498 ANNO
823 441 885 494 1517

181 607 303 660 diuersis
313 607 384 659 locis
395 608 425 659 et
437 607 562 660 tabernis
573 606 733 674 jnhonestis
742 607 883 660 diabolico
896 608 1000 675 spiritu
1010 610 1106 662 motus
1114 609 1187 662 dixit
1197 611 1230 662 et
1241 609 1368 675 protulit
1383 612 1411 661 et

182 690 341 743 nominauit
352 690 481 742 dominos
493 692 633 743 decanum
645 692 675 743 ct
693 690 849 756 capitulum
866 690 942 744 dicte
959 692 1080 744 ecclesie
1097 691 1291 745 Tornecensis
1303 705 1407 744 necnon

183 773 338 840 burgenses
355 774 385 825 et
396 773 576 840 legislatores
588 772 672 824 huius
682 773 808 825 ciuitatis
821 788 878 825 non
898 787 960 827 esse
971 773 1081 838 fideles,
1091 773 1196 842 gallice
1209 788 1217 825 ε
1238 771 1279 827 les
1290 771 1407 827 camno

183 869 233 908 nes
243 854 278 907 de
290 853 319 907 ln
329 853 402 919 oilie,
410 869 469 923 per
485 855 596 908 lamort
606 854 689 920 Βίου,
702 854 745 920 its
755 862 819 907 sont
836 861 899 909 tonse
915 854 1056 919 nuberes,
1073 863 1101 909 et
1122 854 1162 909 tos
1175 862 1407 924 poumeumt

181 936 221 991 les
240 937 369 1006 bourgoto
388 945 518 1005 merget
541 937 715 991 Ιεειιιαιιαιιε
743 944 897 1004 montrera,
917 940 961 992 vel
981 942 1013 1006 jn
1035 940 1140 993 ellectu
1161 939 1270 993 similia
1289 953 1344 1006 pcr
1358 939 1404 991 hoc

183 1022 291 1073 crimen
316 1021 426 1075 heresis
443 1022 584 1087 sapientia
603 1035 635 1074 se
645 1021 797 1089 dirigendo
820 1024 850 1074 et
872 1021 1047 1089 blasphemie
1065 1022 1269 1075 committendo
1296 1024 1327 1076 et
1341 1023 1401 1075 alins

184 1104 575 1172 grauissimedelinquend03
904 1109 910 1121 “

215 1187 289 1241 Hinc
300 1188 345 1239 est
361 1188 436 1252 quod
446 1187 482 1239 ad
497 1187 736 1253 supplicationem
754 1187 824 1239 dicti
847 1187 946 1240 clerici
966 1188 1129 1255 prisionarij
1147 1188 1240 1240 nostri
1256 1198 1343 1254 super
1357 1186 1399 1239 hoc

183 1264 264 1322 nobis
272 1271 377 1322 tactam
385 1271 465 1322 vobis
474 1272 504 1323 et
514 1271 640 1323 vestrum
649 1269 769 1323 cuilibet
782 1271 882 1323 tenore
894 1272 1071 1336 presentium
1082 1272 1261 1333 mandamus,
1274 1272 1397 1336 quatenns

182 1354 288 1413 statim,
314 1353 381 1404 visis
406 1353 595 1418 presentibus,
618 1352 789 1406 accedentes
808 1354 859 1405 nbi
879 1355 999 1420 proptor
1016 1354 1071 1405 hoc
1093 1354 1184 1407 tuerit
1208 1354 1398 1415 accedendum,

126 1477 129 1483 .
183 1436 322 1503 premissa
332 1436 428 1488 omnis
436 1437 466 1488 et
476 1436 591 1504 singula
599 1436 807 1502 prenominatis
818 1437 972 1502 prepositis
981 1438 1011 1488 et
1020 1436 1124 1502 juretis
1132 1449 1166 1488 ac
1177 1436 1396 1503 procuratoribus

182 1517 267 1571 huius
279 1519 404 1570 ciuitatis
421 1531 531 1571 necnon
543 1518 693 1571 antedictis
711 1519 833 1570 dominis
852 1519 960 1572 decano
981 1520 1011 1570 et
1022 1518 1147 1584 capitulo
1166 1518 1289 1571 ecclesie
1306 1518 1397 1571 Torm-

183 1601 275 1654 censis
284 1601 314 1654 et
322 1601 452 1652 omnibus
464 1602 537 1666 alljs,
550 1602 586 1653 de
600 1601 702 1666 quibus
723 1615 794 1666 opus
814 1602 871 1654 erit
894 1603 923 1653 et
941 1601 1054 1653 fueritis
1073 1601 1205 1666 requisiti
1218 1613 1270 1653 seu
1287 1602 1397 1653 vestrim

183 1677 257 1736 alter
273 1682 361 1736 tuerit
372 1684 535 1748 requisitus,
547 1684 697 1749 intimetis,
711 1683 874 1746 notificetis,
887 1684 1056 1750 significetis
1065 1684 1095 1736 et
1104 1683 1258 1737 insinuetis
1266 1685 1397 1749 eosqueet

183 1778 283 1819 eorum
295 1764 452 1831 quemlibet
467 1768 527 1818 tam
538 1767 699 1819 connectim
716 1780 801 1831 quam
818 1766 943 1828 diuisim,
956 1767 1057 1818 contra
1069 1766 1177 1819 dictum
1194 1764 1332 1818 clericum
1354 1766 1399 1831 pri·

184 1849 340 1901 sionarlum
349 1850 478 1901 nostrum
489 1850 583 1901 citetis
596 1862 646 1902 seu
656 1851 782 1902 vestrum
795 1848 869 1901 alter
880 1850 950 1901 citet
967 1849 1161 1915 peremptorie
1173 1861 1273 1900 ceram
1284 1849 1364 1900 nobis
1373 1848 1400 1900 ad

186 1933 289 1984 icriam
305 1931 458 1984 secundam
479 1933 511 1998 jn
530 1931 627 1999 vigilio
648 1932 807 1984 natiuitatis
825 1932 907 1984 beate
919 1931 1011 1984 Maris
1022 1944 1112 1998 prope
1130 1933 1251 1984 venturo
1261 1932 1314 1984 sub
1325 1931 1404 1996 prima

187 2015 216 2067 et
225 2015 260 2067 ad
268 2014 370 2067 leriam
380 2016 510 2079 quartam
519 2016 571 2066 sub
581 2016 705 2067 secunda
714 2016 744 2066 et
752 2015 787 2065 ad
797 2015 945 2067 sabbatum
954 2015 1065 2080 precise
1075 2014 1243 2080 immediate
1252 2016 1405 2078 sequentem

187 2098 238 2148 sub
256 2098 346 2148 tercia
362 2097 546 2148 dilationibus
566 2101 596 2148 et
612 2099 643 2163 jn
655 2096 785 2163 generali
798 2110 896 2148 omnes
906 2098 974 2162 jllos
983 2100 1013 2150 et
1029 2096 1106 2162 jllas,
1124 2096 1174 2160 qui
1191 2096 1238 2148 vel
1251 2098 1406 2161 quocontra

187 2180 294 2231 dictum
314 2179 450 2231 clericum
461 2179 663 2244 prisionarium
681 2182 811 2231 nostrum
824 2181 971 2244 quitquam
989 2179 1097 2242 dicere,
1115 2193 1278 2245 proponere
1295 2179 1339 2231 vel
1352 2177 1406 2230 alle

86 2284 97 2306 x
186 2276 256 2329 gare
276 2261 428 2323 voluerint,
439 2261 469 2311 id
481 2261 618 2326 dicturos,
628 2262 827 2327 proposituros
838 2263 868 2313 et
879 2262 1055 2328 allegaturos
1073 2274 1127 2327 per
1136 2263 1255 2313 modum
1266 2261 1405 2314 denuncie·

188 2345 274 2396 tioms
285 2344 496 2397 accusationem
509 2344 559 2396 aut
571 2356 602 2395 se
614 2345 725 2409 partem
734 2345 865 2397 iaciendo
878 2344 922 2396 vel
936 2345 1009 2396 alias
1020 2357 1086 2396 oum
1096 2344 1282 2397 intimatione
1290 2342 1359 2408 tali;

221 2423 302 2484 Quod
310 2426 371 2478 siue
382 2426 452 2477 dicti
464 2426 544 2478 citati
556 2426 693 2492 predictis
705 2426 805 2479 diebm
817 2427 862 2479 vel
873 2440 973 2479 eorum
984 2426 1216 2491 expeditionibus
1228 2440 1328 2488 coram
1338 2426 1408 2478 nobis

188 2510 401 2574 comparuerint
412 2510 552 2574 premissa
560 2511 666 2562 tacturi
678 2511 740 2562 siue
749 2524 816 2573 non,
826 2524 878 2561 nos
890 2508 1093 2562 nichilominus
1104 2510 1140 2561 ad
1152 2510 1408 2565 condemnationen

189 2593 251 2645 siue
262 2593 469 2645 absolutionem
479 2593 548 2644 dicti
558 2593 656 2644 clerici
665 2594 827 2659 prisionarij
839 2595 930 2645 nostri
942 2607 992 2646 seu
1005 2591 1076 2645 alias
1084 2593 1276 2659 procedemus
1283 2593 1332 2646 vin
1337 2593 1407 2659 jurio,

189 2674 345 2739 inhibendo
356 2674 558 2728 nichilominus
569 2677 741 2729 auctoritato
753 2679 852 2728 nostra
862 2677 947 2729 dictis
955 2677 1051 2728 citatis
1063 2679 1093 2729 et
1103 2676 1176 2742 aliJs,
1187 2676 1224 2730 de
1235 2678 1339 2743 quibus
1350 2690 1408 2744 opus

189 2758 286 2819 tuerit,
307 2759 359 2809 sub
382 2772 456 2823 pena
472 2759 773 2811 excommunicationis
795 2761 930 2824 omnique
953 2759 1010 2812 alia
1037 2772 1113 2825 pena
1133 2761 1274 2813 canonice
1293 2774 1327 2815 ee
1346 2773 1408 2826 pene

191 2842 305 2892 centum
313 2840 494 2892 marcharum
506 2841 555 2906 tlnj
566 2842 680 2907 argenti
691 2842 771 2894 curie
784 2842 968 2906 Tornacensi,
978 2843 1003 2893 si
1013 2843 1165 2895 commissa
1175 2843 1267 2895 tuerit
1277 2843 1408 2908 applicen-

189 2923 290 2975 darum
306 2926 336 2975 et
354 2925 385 2988 jn
402 2924 465 2988 pios
482 2937 550 2975 usus
561 2924 781 2990 erogandarum,
795 2938 831 2977 ne
843 2925 944 2977 dicbru
964 2914 1109 2976 citationis
1122 2924 1299 2988 huiusmodi,
1310 2925 1407 2991 juhibi-

191 3007 278 3066 tionc,
300 3005 360 3066 lite,
379 3020 464 3058 causa
483 3019 533 3058 seu
553 3020 689 3071 processu
711 3020 809 3058 coram
828 3008 911 3059 nobis
934 3007 1135 3072 pendentibus,
1146 3008 1295 3073 judeciais,
1314 3005 1407 3070 aliquid

192 3091 292 3139 contra
312 3089 418 3139 dictum
441 3088 642 3153 prisionarium
671 3090 800 3141 nostrum
829 3103 879 3142 seu
908 3090 983 3142 bona
1006 3103 1058 3142 sua
1084 3091 1237 3155 junonent,
1258 3088 1406 3155 immutent,

192 3171 372 3234 attemptent,
384 3170 519 3233 statuant,
531 3169 669 3234 judicent,
679 3170 835 3222 decernant
850 3173 882 3237 jn
894 3171 1026 3236 aliquove
1042 3171 1201 3237 procedant
1210 3185 1263 3240 seu
1274 3172 1406 3236 quitquam

192 3253 270 3305 aliud
281 3255 387 3305 iaciant
396 3255 445 3306 aut
455 3254 520 3306 fleri
536 3257 700 3319 procurent,
713 3255 789 3318 quod
797 3255 835 3306 sit
847 3253 968 3322 autjessc
985 3256 1076 3320 possit
1090 3257 1122 3320 jn
1140 3256 1238 3308 nostre
1249 3253 1406 3320 jmisdictio·

194 3336 239 3388 nis
250 3338 280 3388 et
290 3337 431 3388 libertatis
451 3336 643 3389 ecclesiastice
652 3336 840 3402 preludicium
857 3338 1060 3404 priuilegquue
1077 3337 1219 3391 clericalis
1236 3336 1405 3403 vilipendium

192 3420 222 3471 et
238 3418 308 3469 dicti
327 3419 424 3483 clericj
436 3419 600 3483 dampnum,
616 3419 762 3484 jniuriam,
783 3420 907 3472 dedecus
924 3421 954 3472 et
970 3432 1138 3485 grauamen,
1163 3420 1247 3473 nobis
1269 3417 1405 3484 quidinde

192 3501 299 3552 iactum
323 3500 411 3553 tuerit
430 3515 552 3553 unacum
567 3503 752 3567 responsione
774 3503 916 3555 dictorum
938 3503 1093 3555 citatorum
1122 3502 1251 3555 fideliter
1276 3504 1307 3555 et
1327 3501 1405 3553 lucide

195 3582 388 3636 rescribendo.

229 3667 333 3718 Datum
345 3680 419 3718 anno
436 3667 556 3719 Domini
573 3667 725 3720 millesimo
737 3669 967 3736 quingentesimo
985 3669 1239 3735 decimoseptimo,
1251 3670 1327 3722 teria
1341 3666 1406 3720 sente

195 3751 372 3816 postiestum
383 3748 581 3802 decollationis
590 3751 681 3803 sancti
693 3750 834 3804 iohannis
847 3751 984 3817 Baptiste.
998 3751 1044 3806 Sto
1053 3752 1217 3818 signatam
1236 3750 1405 3808 wardauoir.

622 3875 730 3933 Relatio
749 3892 814 3931 nero
831 3880 996 3932 moratorie.

228 3985 365 4038 Exccutio
391 3987 467 4038 lacta
490 3988 536 4038 est
558 3999 611 4053 per
634 4000 680 4039 me
708 3988 854 4040 dominum
877 3988 1060 4041 Franciscum
1078 3988 1259 4051 Troissouba,
1281 3988 1405 4043 deosum

197 4067 438 4131 Helchiniensem,
450 4070 492 4135 jta
502 4070 535 4121 ut
545 4069 707 4121 continetur
722 4071 753 4136 jn
767 4069 842 4132 albo,
860 4071 907 4125 die
924 4071 1025 4137 quinta
1035 4072 1141 4124 mensis
1153 4072 1331 4138 Septembris
1347 4082 1407 4125 anno

198 4150 312 4203 Domini
332 4151 483 4203 millesimo
504 4152 731 4218 quingentesimo
752 4153 861 4205 decimo
882 4155 1013 4220 septimo,
1031 4155 1104 4206 teste
1115 4168 1181 4207 meo
1197 4155 1325 4208 manuali
1339 4155 1408 4221 siguo

199 4231 247 4284 hic
266 4234 403 4299 apposito.
422 4233 466 4287 Sto
483 4234 645 4301 swanum:
667 4234 699 4286 F.
721 4234 901 4288 Troissoubn.

233 4315 353 4369 collatio
372 4318 449 4369 tacta
460 4317 504 4369 est
515 4330 580 4368 cum
600 4316 734 4384 originali
754 4320 784 4371 et
804 4319 957 4372 concordat
975 4333 1029 4385 per
1046 4321 1245 4374 melacobum
1263 4322 1298 4374 de
1315 4319 1409 4374 Paluda

201 4399 352 4451 notarium.
372 4400 417 4452 la.
438 4396 556 4452 Paluda.

461 4513 613 4648 Natilonlnle
631 4513 815 4570 Bibliothoek
831 4517 861 4570 te
872 4516 975 4583 Perljs,
985 4516 1041 4571 HS.
1059 4513 1296 4584 recremento
1306 4524 1336 4570 ιιι
1344 4512 1408 4576 tw),

491 4599 542 4650 io.
592 4611 629 4652 en
646 4611 738 4656 verso.
