3188 5340
190 489 239 545 tao
651 489 756 548 Anno
775 486 847 553 1400,
862 488 923 542 1401

189 679 253 727 van
269 658 332 733 den
354 655 538 724 Luilrschen
551 654 684 722 monnik
696 654 865 724 Cornelius
878 653 1030 722 Zantfliet
1050 653 1090 737 (†
1105 675 1135 723 c.
1158 651 1261 742 1462)
1276 673 1358 722 over
1370 653 1404 722 de

189 762 317 832 twaede
332 760 612 830 Gesselaarssecte
635 761 668 827 in
694 780 773 827 onze
796 765 978 847 gewesten.
996 803 1037 814 -
1056 760 1178 847 Eenige
1204 759 1404 840 Graeclam,

190 865 240 933 die
257 873 289 932 te
306 864 500 933 Maaetricht
515 883 627 930 waren
650 863 887 949 nangakomen‚
908 861 1006 929 wilde
1029 863 1069 930 de
1090 863 1287 950 magistrari
1309 863 1358 933 uit
1372 863 1409 932 de

190 967 263 1034 stad
279 987 436 1054 werpen;
469 986 560 1033 mear
575 967 631 1034 het
655 965 734 1032 volk
757 966 868 1033 kwnm
892 966 924 1032 in
949 967 1087 1053 opetend
1112 988 1153 1034 en
1176 965 1346 1034 verbande
1374 965 1410 1034 de

188 1068 450 1156 burgensesters
473 1091 515 1137 en
539 1070 650 1136 hunne
672 1070 892 1155 aanhangers.
921 1069 1084 1137 Daarvoor
1107 1070 1243 1138 werden
1266 1070 1354 1137 later
1375 1068 1411 1137 de

189 1171 381 1257 schuldigen
396 1170 512 1238 beboet
529 1171 610 1238 door
625 1170 687 1237 den
705 1172 889 1240 Luikechen
918 1170 1081 1257 bissrhop.
1100 1174 1144 1239 Te
1165 1170 1246 1239 Vise'
1279 1174 1410 1240 vernon

188 1277 229 1343 de
260 1277 450 1346 Geesetanrs
481 1277 514 1343 in
542 1275 582 1343 de
610 1277 811 1363 gevangenis
835 1295 1011 1362 geworpen
1039 1276 1119 1344 door
1149 1277 1211 1344 den
1240 1275 1323 1343 beer
1350 1296 1410 1342 vnn

189 1381 337 1448 Pervez.
355 1381 400 1447 Te
416 1381 586 1466 Tongeren
604 1379 688 1446 sloot
705 1400 778 1445 men
797 1379 864 1446 hun
883 1379 922 1445 de
937 1379 1181 1466 stadspoorten.
1204 1379 1308 1447 Alzoo
1324 1377 1412 1446 werd

189 1482 300 1550 bunne
316 1490 405 1551 secte
421 1482 637 1550 onderdrukt.

221 1622 330 1674 iisdem
342 1621 441 1672 diebus
453 1617 538 1688 [anno
551 1619 679 1688 MGCCC]
696 1621 865 1673 reviviscere
885 1622 979 1687 coepit
997 1623 1074 1674 secta
1091 1620 1328 1688 Flagellatornm‚
1347 1634 1411 1686 quo·

189 1717 253 1756 rum
265 1701 403 1768 aliquanti
420 1705 558 1755 venerunt
570 1704 645 1767 apud
663 1703 836 1767 Trajectum,
858 1718 929 1768 quos
946 1705 1042 1756 statim
1059 1705 1200 1768 primores
1218 1703 1317 1768 oppidi
1335 1702 1412 1755 vole·

189 1786 258 1838 bant
271 1785 416 1850 expellere
428 1801 436 1850 3
454 1787 503 1837 sed
515 1785 665 1836 obstabant
677 1787 718 1837 eis
730 1785 812 1836 multi
825 1785 978 1850 populares
990 1788 1019 1838 et
1036 1785 1141 1851 plebei,
1155 1787 1203 1850 qui
1220 1786 1299 1837 tacta
1314 1799 1411 1837 eorum

191 1868 345 1920 laudabant
355 1869 385 1921 et
396 1867 599 1932 approbabant,
610 1869 681 1919 adeo
693 1870 725 1918 ut
737 1868 975 1934 burgimagistros
991 1869 1204 1933 proscriberent
1213 1868 1243 1921 et
1260 1866 1410 1932 plerosque

190 1950 262 2003 alios
281 1951 329 2014 qui
349 1950 563 2001 detestabantur
585 1952 709 2001 eosdem.
734 1950 815 2001 Unde
833 1952 862 2001 et
881 1951 1060 2014 postmodum
1080 1949 1219 2015 aliquanti
1239 1963 1277 2002 ex
1298 1949 1341 2000 cis
1362 1962 1412 2015 per

190 2033 334 2084 dominum
347 2032 531 2084 leodiensem
549 2031 685 2096 appellati
696 2034 761 2083 sunt
774 2033 808 2083 ad
826 2033 961 2084 annulum
973 2032 1072 2097 palatii
1084 2035 1114 2085 et
1128 2033 1228 2097 poenis
1239 2031 1411 2097 pecuniariis

189 2114 328 2168 mulctati.
339 2115 408 2167 cum
421 2116 515 2165 autom
533 2115 600 2165 dicti
618 2115 807 2178 superstitiosi
828 2116 971 2167 venissent
991 2115 1065 2180 apud
1078 2113 1216 2178 visetum,
1234 2113 1411 2166 dominusne

190 2197 330 2250 Pcruueis
339 2197 368 2248 in
380 2196 533 2263 ergastulis
545 2195 661 2248 reclusit
673 2210 730 2249 eos.
743 2197 925 2263 Tungrenscs
934 2198 1021 2248 etiarn
1030 2196 1195 2249 clauserunt
1206 2197 1247 2250 eis
1258 2198 1366 2262 portas,
1377 2208 1410 2247 ne

191 2281 276 2332 sectis
285 2280 343 2330 suis
353 2279 502 2330 inficerent
525 2279 707 2343 cooppidinos
718 2292 827 2344 eorum,
841 2280 938 2344 sicque
950 2280 1048 2332 retusa
1059 2281 1103 2332 est
1115 2293 1216 2332 eorum
1227 2279 1350 2332 intentio
1362 2290 1410 2344 per

191 2363 323 2429 regiones
340 2361 495 2413 universas.

485 2451 640 2506 chronicon
658 2453 777 2507 Cornelii
787 2455 919 2522 Zantsiiet
937 2456 975 2521 bij
990 2456 1119 2508 Martbne
1137 2469 1173 2510 en
1191 2456 1320 2518 Durand,
1338 2453 1407 2508 Veto·

483 2551 548 2587 rum
560 2536 732 2604 Scmptomm
744 2537 924 2605 impiissimo
935 2537 1065 2602 collectio,
1078 2539 1141 2592 deal
1154 2539 1187 2603 V,
1200 2538 1254 2592 bls.
1270 2539 1327 2592 ³58.

688 2761 756 2830 11a
782 2755 905 2853 (244⁴).

231 2957 321 3030 1401,
335 2951 439 3039 Aproi
450 2957 501 3027 ³0,
518 2951 693 3039 (Utrecbt).
714 2951 899 3020 Notariiele
914 2957 987 3021 ecte
1004 2951 1200 3021 bevattende
1218 2951 1281 3018 den
1300 2951 1404 3020 bevel-

183 3053 271 3121 briei
284 3054 363 3123 door
377 3055 534 3122 Frederik
552 3076 613 3121 van
629 3056 879 3135 startosheim,
894 3055 1154 3144 prins-hisschop
1178 3075 1243 3122 van
1256 3054 1401 3135 Utreoht,

183 3158 313 3244 gericht
327 3160 420 3225 total
437 3159 477 3226 de
493 3157 692 3227 onderzaten
706 3180 768 3227 van
782 3161 849 3249 siju
865 3159 1001 3242 bisdom,
1019 3159 1151 3248 waarbij
1169 3160 1215 3249 hij
1230 3157 1271 3226 de
1287 3158 1405 3226 inrich·

183 3261 367 3348 tingendo
383 3262 592 3350 levenswijae
608 3261 667 3329 der
683 3263 842 3330 Broeders
870 3284 910 3330 en
928 3265 1061 3331 Zusters
1085 3285 1148 3331 van
1173 3264 1231 3330 bet
1252 3281 1404 3350 gemaene

183 3364 278 3432 leven
296 3364 477 3450 goedkeurt
493 3384 532 3431 en
552 3363 726 3452 bevestigt.
746 3408 787 3421 -
803 3368 847 3433 De
862 3366 1012 3454 bisschop
1037 3367 1221 3447 herinnert,
1240 3366 1297 3434 dat
1314 3385 1404 3432 voor·

182 3486 277 3534 name
289 3468 367 3554 god·
380 3488 421 3535 en
434 3468 720 3555 rechtegeleerden
733 3469 809 3536 hem
827 3469 1067 3559 herbaaldelijts
1083 3471 1237 3556 gunstige
1253 3467 1402 3535 adviesen

182 3567 308 3635 hebben
325 3570 553 3657 medegedeeld
580 3592 658 3639 over
683 3572 734 3638 die
760 3592 922 3659 personen
952 3593 1015 3639 van
1042 3572 1153 3640 beiden
1175 3570 1302 3650 kunne,
1329 3569 1403 3659 god·

181 3671 335 3760 vruchtig
348 3672 483 3740 levende
495 3674 527 3740 in
541 3674 604 3762 zijn
618 3674 755 3743 bisdom.
765 3675 820 3744 Uit
832 3675 953 3743 kracbt
964 3677 1068 3765 zijner
1085 3674 1285 3763 herderlijtse
1298 3672 1405 3742 meent

182 3795 223 3844 en
250 3782 307 3843 ten
334 3777 473 3862 gevolge
499 3797 599 3843 eener
625 3777 784 3863 opdracbt
812 3798 873 3846 van
905 3778 1019 3867 wijien
1047 3798 1127 3863 paus
1154 3777 1337 3863 Gregorius
1360 3774 1405 3844 XI

180 3876 270 3946 heeft
287 3877 332 3967 hij
350 3879 418 3945 zeli
437 3879 549 3946 bunne
565 3879 648 3946 zaak
664 3880 877 3950 onderzocbt.
907 3884 987 3949 bien
1010 3889 1067 3950 ten
1092 3882 1231 3968 gevolge
1260 3880 1407 3948 verleent

181 3980 226 4067 hij
245 3982 313 4049 hun
337 3980 377 4049 de
400 3983 562 4069 toeleting
585 3983 619 4051 in
644 3984 756 4052 hunne
780 4004 892 4053 vrome
916 3985 1124 4072 levenswijze
1153 3989 1185 4052 te
1211 3982 1404 4062 volhsrden,

180 4085 257 4152 mite
272 4085 314 4172 zij
332 4084 401 4151 niet
416 4081 552 4152 bedelen
569 4106 610 4152 en
627 4106 730 4170 geone
746 4086 997 4173 ongeooriooide
1014 4088 1092 4156 orde
1107 4107 1256 4166 nornen,
1274 4084 1408 4175 etrijdig

180 4193 247 4256 met
275 4189 314 4255 de
337 4187 533 4281 bepalingen
560 4189 639 4257 door
666 4211 748 4277 pane
774 4192 940 4259 Johannes
968 4191 1068 4258 XXII
1096 4189 1312 4276 vastgeeteld.
1339 4190 1409 4258 Ten

181 4291 281 4360 slotte
307 4290 456 4360 verbiedt
482 4293 527 4381 bij
553 4314 616 4361 ean
640 4294 672 4361 al
699 4294 739 4361 de
765 4294 963 4362 onderzaten
991 4316 1055 4362 van
1084 4293 1147 4381 zijn
1175 4292 1301 4360 bisdom
1329 4292 1411 4360 dese

181 4394 343 4463 Broeders
359 4416 400 4462 en
417 4396 552 4464 Znetere
566 4401 600 4465 te
615 4403 863 4465 verontrueten.
882 4399 943 4484 (De
966 4398 1091 4465 notaris
1116 4396 1251 4464 Willem
1271 4396 1411 4465 Henrici

179 4496 343 4587 bevestigt
359 4497 403 4589 bij
423 4501 537 4582 desen,
556 4499 613 4569 dat
628 4501 674 4590 hij
689 4500 736 4569 dit
752 4500 1002 4590 bisschoppelijk
1022 4498 1244 4568 bevelschrift'
1261 4498 1344 4569 echt
1372 4519 1415 4568 en
