3188 5340
522 498 627 554 Antio
645 500 786 552 1175-1177
1146 536 1148 541 »
1233 503 1266 559 21

78 662 184 716 dolenter
197 664 310 716 extorta
324 664 480 731 repperiet.
499 663 582 726 Quod
598 666 648 718 ubi
668 678 714 718 me
731 664 823 719 latere
841 681 897 719 non
915 668 1009 733 potuit
1025 668 1061 719 de
1085 669 1267 724 iraudulents

78 745 211 799 tmtebbte
221 750 281 799 toto
293 749 363 800 saus
374 748 501 802 modeste
512 749 646 815 correpto
663 751 805 802 conventu
825 750 861 802 ab
872 749 994 802 ecclesia
1004 751 1134 803 turbatus
1146 753 1264 817 excessi,

76 827 128 881 sliu
135 828 195 882 mibi
202 829 356 897 hospitium
367 832 456 884 statui
465 831 648 898 cartulasque
662 845 713 886 sex
726 832 855 886 ecclesiis
868 834 997 897 totidem,
1011 836 1046 887 ad
1064 848 1134 898 quas
1145 835 1208 898 ejus
1219 833 1265 888 rel

76 925 150 964 urum
159 912 284 966 scedulas
295 914 459 980 pervenisse
468 915 625 978 audieram,
637 928 674 968 ex
684 917 801 969 nomine
813 930 878 968 meo
890 916 1024 969 celeriter
1034 917 1182 979 destinavi,
1188 917 1267 969 inno-

75 995 167 1046 mabam
184 1008 277 1048 meam
294 1009 359 1048 cum
376 1009 476 1048 eorum
495 996 569 1048 dolis
586 999 764 1050 continentes
785 1000 910 1065 etsuper
921 998 975 1049 hoc
987 1012 1032 1050 me
1048 997 1156 1062 judicio
1171 998 1267 1052 astare

73 1077 172 1141 usum
187 1079 217 1129 et
234 1076 381 1131 talssesse
393 1080 497 1141 omnia,
516 1092 571 1144 que
591 1081 665 1147 apud
684 1094 732 1133 eos
749 1082 941 1133 seminaverat
961 1081 1078 1143 invidia,
1099 1081 1267 1134 omnimodis

71 1159 225 1224 putaturum
236 1162 443 1225 promittentes.
453 1161 595 1224 Sedheu!
610 1162 733 1225 lucilius,
746 1163 802 1216 heu
815 1167 821 1216 l
833 1163 1020 1231 multiplicius
1029 1164 1266 1230 affectuosiusqne

70 1242 144 1294 nodva
151 1243 316 1308 procedunt,
328 1245 397 1308 quia
409 1243 544 1297 videlicet
557 1245 611 1297 dlii
627 1246 713 1310 huius
731 1246 820 1299 seculi
840 1247 1039 1312 prudentiores
1060 1246 1128 1298 filiis
1146 1245 1218 1298 lucis
1234 1247 1265 1300 in

69 1323 224 1388 generatione
241 1337 294 1376 sua
310 1324 385 1375 sunt
397 1321 519 1383 Quidem
535 1324 635 1386 invidi,
654 1326 703 1389 qui
721 1326 840 1378 eatenus
857 1324 1010 1387 latuerant,
1028 1326 1162 1389 quianon
1176 1326 1267 1378 osten·

68 1405 123 1457 dur
137 1406 166 1458 in
182 1407 265 1458 bonis
282 1407 400 1468 amicus,
419 1420 475 1456 non
487 1407 670 1458 absconditur
681 1408 710 1458 in
728 1406 812 1459 malis
828 1409 970 1471 inimicus,
984 1409 1132 1460 occasione
1149 1408 1266 1475 accepts

67 1489 303 1554 quasidelensande
314 1488 381 1540 fidei
396 1489 589 1554 perstrepunt,
610 1490 725 1554 quidam
744 1490 889 1556 simplices
901 1490 1023 1542 aliorum
1034 1490 1157 1556 impulsu
1172 1491 1264 1543 eversi

65 1573 90 1624 td
103 1573 267 1625 erodendum
286 1569 501 1637 pertrahuntur,
524 1571 646 1638 populus
663 1575 758 1625 tamen
777 1586 850 1639 pene
869 1574 961 1624 omnis
977 1574 1007 1625 et
1029 1572 1175 1639 aliquanta
1196 1586 1264 1640 pars

64 1653 114 1707 cieri
128 1657 294 1707 inconcussa
303 1656 476 1720 perseverat.

84 1737 144 1798 uuio
153 1737 261 1790 multat
273 1737 346 1790 Pars
353 1737 472 1790 adversa
479 1738 644 1805 episcopum
654 1739 723 1801 adit,
734 1739 820 1791 fidem
828 1752 880 1804 per
888 1753 935 1791 me
946 1738 1112 1791 labetactari
1123 1739 1263 1804 queritur,

62 1822 204 1888 nominem
216 1820 312 1886 potius
325 1819 426 1872 sitiens
437 1833 534 1873 meum
546 1822 575 1873 et
585 1834 637 1874 sue
652 1820 803 1874 consulens
812 1822 945 1883 avaricie,
959 1835 1009 1872 cor
1020 1821 1174 1873 sacerdotis
1181 1820 1263 1886 iusti·

62 1900 207 1956 titnminns
218 1902 365 1969 diligentis
373 1902 459 1955 iacile
469 1904 583 1966 evertit,
591 1905 733 1956 sententia
745 1904 937 1969 suspensionis
949 1906 1014 1956 ante
1025 1916 1137 1956 omnem
1149 1902 1264 1968 penitus

61 1985 200 2038 clationem
212 1986 241 2036 in
264 1984 424 2048 ecclesiam,
439 1985 487 2038 cui
498 1999 639 2052 preeram,
660 2000 770 2038 necnon
783 1989 812 2039 et
823 2000 869 2039 me
881 1986 1043 2038 invocatum
1053 1985 1262 2053 promulgatur,

61 2068 224 2134 dutjudicio
241 2067 397 2134 episcopali
415 2071 480 2134 post
491 2066 546 2120 VH
562 2070 735 2122 ebdomadas
752 2070 864 2122 dierum
880 2070 1011 2121 assutam
1031 2069 1131 2121 ordine
1147 2081 1261 2134 prepos-

62 2151 104 2203 tero
119 2150 186 2203 mibi
204 2152 402 2204 denunciatur.
421 2150 512 2212 Quam
529 2164 584 2218 ego
602 2154 772 2205 sententiam
790 2153 990 2218 qualicumque
1006 2152 1089 2203 modo
1110 2151 1262 2218 prolatam,

10 2277 12 2305 :
61 2244 113 2296 equo
123 2235 238 2287 interim
250 2235 345 2287 animo
363 2234 521 2287 sustinendi
532 2234 640 2287 babens
658 2234 819 2299 consilium,
832 2236 907 2287 diem
925 2235 996 2287 mihi
1007 2235 1262 2300 preflxampresto·

10 2327 12 2379 !
60 2312 127 2378 labar,
138 2329 256 2382 sperans
264 2316 366 2369 saltem
372 2318 441 2369 tune
449 2318 585 2370 canonice
597 2330 643 2369 me
655 2317 864 2370 examinatione
876 2317 1063 2369 tractandum.
1075 2315 1262 2383 coagulatum

10 2418 12 2433 =
60 2400 89 2449 est
101 2399 206 2452 interea
225 2398 301 2450 sicut
312 2397 357 2450 lac
374 2412 426 2450 cor
441 2412 551 2461 comm,
572 2400 639 2451 dum
657 2399 739 2450 illum
756 2401 899 2465 prelatum
919 2400 1027 2452 iontem
1043 2397 1261 2452 machinationis

59 2479 121 2546 lajas
136 2480 289 2547 complices
301 2479 484 2534 emulationis
495 2482 602 2534 odeum
612 2483 650 2544 et,
663 2482 689 2532 si
700 2495 744 2547 es,
764 2496 820 2547 que
836 2483 916 2548 prius
933 2481 1043 2534 occulte
1055 2482 1217 2546 scripserat,
1229 2482 1260 2533 in

10 2572 12 2637 j
59 2560 158 2614 medinm
173 2562 306 2628 prolerre
322 2560 401 2624 velit,
421 2576 535 2615 omnem
553 2564 581 2615 ei
599 2564 792 2625 securitatem,
819 2564 879 2615 sive
901 2563 1042 2629 proficiat,
1060 2562 1119 2613 sive
1136 2562 1259 2624 dedciat,

10 2652 12 2687 2
58 2641 596 2711 plioentur.1tgoautem,utvsrum
612 2646 698 2698 lateri
715 2645 811 2709 liceat,
832 2644 927 2713 legem
957 2646 1010 2698 Dei
1027 2644 1189 2709 meditatim,
1212 2645 1260 2698 die

10 2696 13 2805 ξ
57 2726 143 2788 nullm
150 2727 210 2793 jam
221 2727 398 2789 imminente,
411 2728 479 2799 quia
490 2728 525 2780 de
537 2728 667 2780 manibus
679 2741 780 2781 eorum
791 2729 887 2781 vivum
898 2741 944 2781 me
956 2729 1076 2781 evadere
1092 2741 1175 2793 posse
1186 2727 1258 2779 diffl-

10 2812 14 2877 ξ
57 2807 143 2872 tetam,
163 2809 199 2863 de
215 2810 302 2862 rebus
323 2810 396 2862 meis
413 2809 483 2862 licet
504 2810 624 2863 modicis
640 2812 669 2863 et
681 2812 779 2876 paucis
791 2811 930 2874 ordinavi,
948 2812 1149 2864 testamentum
1160 2810 1257 2873 statui,

10 2890 15 2989 i
57 2889 140 2944 nudus
149 2893 267 2958 penitus
283 2891 431 2944 bominum
448 2895 498 2945 aut
513 2895 650 2959 expetens
667 2893 819 2946 consilium
844 2896 894 2946 aut
910 2892 1092 2960 expostulans
1108 2894 1257 2958 auxilium,

10 2992 14 3035 ς
56 2970 218 3027 illooontlsus
229 2973 396 3041 propbetieo
410 2988 418 3027 :
433 2975 573 3028 «Bonum
588 2976 784 3029 estconfldere
793 2976 823 3027 in
837 2977 958 3029 Domino
970 2990 1055 3042 quam
1067 2977 1209 3030 confidere
1225 2977 1256 3030 in

10 3100 12 3105 .
57 3052 159 3110 homine.
171 3080 185 3103 n

78 3137 121 3192 bie
135 3140 250 3192 tandem
260 3140 366 3192 statmo
376 3137 561 3192 illucescente
580 3139 809 3206 clericorumque
826 3155 923 3194 coram
940 3141 1073 3208 episcopo
1081 3142 1258 3208 congregata

55 3223 146 3288 copim
155 3221 349 3283 multitudine,
372 3222 484 3287 partem
501 3224 656 3274 conventus
674 3236 785 3276 necnon
807 3224 836 3275 et
848 3224 1011 3289 episcopum
1028 3224 1184 3276 adversarii
1199 3223 1256 3277 mei

10 3362 12 3367 ,
54 3308 113 3370 quad
123 3307 159 3361 sd
169 3306 322 3359 consilium
330 3320 460 3359 seorsum
468 3307 571 3358 vocent
585 3308 614 3359 et
628 3308 660 3359 ut
673 3308 734 3360 sive
744 3321 843 3360 verum
853 3308 913 3359 sive
933 3321 1000 3369 non,
1012 3307 1072 3360 sive
1080 3306 1256 3361 excusationi

10 3386 13 3391 '
53 3389 192 3452 alimenti,
212 3391 265 3440 sub
282 3390 344 3454 ipso
362 3390 450 3442 etiam
461 3388 662 3455 appellationis
674 3391 805 3456 pretextu
822 3391 947 3455 captioni
960 3390 1088 3442 addictus
1105 3391 1135 3442 et
1146 3391 1255 3444 carceri

52 3472 207 3538 nmcipatus
216 3472 254 3524 de
265 3472 396 3524 manibus
407 3485 507 3537 eorum
520 3471 685 3523 nullomodo
704 3473 834 3534 evadam,
844 3473 1028 3538 pertractant.
1041 3471 1122 3533 Quod
1130 3485 1204 3525 unus
1214 3474 1254 3525 la·

10 3558 13 3573 '
50 3553 184 3608 miliarium
192 3568 333 3616 meorum,
342 3555 391 3619 qui
402 3567 483 3608 more
493 3553 597 3606 Chusai
609 3554 745 3607 Arachite
759 3554 821 3607 sola
830 3554 973 3621 corporali
982 3556 1127 3621 presentia
1137 3555 1255 3607 factioni

49 3646 127 3690 comm
137 3637 278 3690 intererat
286 3636 445 3700 advertens,
457 3636 493 3688 de
504 3638 569 3690 cetu
581 3650 682 3690 eorum
692 3650 723 3689 se
731 3638 872 3704 prorupit,
885 3637 935 3690 sed
944 3637 1040 3689 statim
1051 3637 1253 3702 deprehensus,

10 3718 14 3789 ζ
48 3730 110 3772 uuus
120 3732 248 3787 capaque
263 3732 320 3784 qua
331 3719 502 3771 induebatur
514 3718 661 3785 spoliatus,
675 3733 711 3773 ne
723 3719 795 3772 mihi
807 3720 942 3785 quiquam
953 3733 990 3772 ex
1006 3718 1052 3771 his
1062 3721 1179 3773 nunciet
1188 3734 1254 3787 pre·

44 3804 149 3867 peditur.
160 3803 224 3870 ligo
236 3804 332 3854 autem
341 3800 429 3853 nichil
442 3800 545 3854 horum
554 3801 667 3867 penitus
676 3802 778 3864 sciens,
788 3803 819 3854 in
835 3801 956 3855 ecclesia
966 3802 1083 3854 interim
1093 3803 1253 3868 pavimento

44 3884 64 3938 in
77 3888 190 3940 modum
200 3885 295 3937 crucis
305 3885 475 3950 prostratim,
488 3884 617 3936 crucifixi
638 3885 729 3936 nostri
740 3885 968 3938 misericordiam
987 3899 1044 3937 non
1056 3885 1117 3937 sine
1128 3883 1254 3937 lacrimis

41 3968 223 4036 implorabam.
244 3967 448 4032 compendiose
474 3968 571 4032 itaque
592 3968 745 4020 terminata
762 3969 902 4030 oratione,
926 3968 1085 4030 exsurrexi,
1102 3966 1254 4021 concilium

39 4051 152 4116 nocivi,
164 4054 195 4106 et
204 4051 272 4117 quia
282 4051 438 4103 adversarii
450 4052 507 4104 mei
518 4064 584 4104 eum
592 4052 727 4118 episcopo
736 4051 828 4104 adhuc
836 4052 872 4104 de
880 4051 999 4117 prelatis
1010 4051 1180 4114 tractabam,
1189 4063 1254 4102 cum

37 4134 89 4189 diis
104 4135 214 4198 multis,
232 4136 283 4200 qui
295 4135 424 4196 aderam,
437 4135 508 4187 sedi.
522 4135 593 4188 Port
610 4133 713 4187 multas
731 4135 853 4201 denique
867 4149 962 4188 moras
979 4135 1050 4187 eisa
1066 4133 1185 4187 consilio
1201 4133 1255 4187 im-

33 4220 147 4286 piorum,
160 4219 191 4271 in
201 4232 257 4283 quo
266 4231 285 4270 a
294 4218 341 4269 via
352 4217 464 4283 iustitie
475 4218 615 4280 abierant,
627 4218 778 4284 regressis,
791 4218 886 4284 surgit
903 4217 954 4270 ilie
964 4219 1050 4283 caput
1060 4215 1253 4269 tribulationis

32 4317 97 4367 nee,
109 4301 228 4355 nomine
237 4298 422 4363 Gislebentus,
435 4313 586 4366 unamque,
595 4313 664 4365 quas
676 4314 764 4367 supra
780 4301 934 4353 memorari
943 4299 1117 4352 cartularum
1127 4310 1253 4364 quasque

29 4386 84 4452 ipso
94 4384 316 4449 conscripserat,
329 4382 429 4451 legere
440 4383 469 4434 in
481 4396 566 4436 aures
577 4384 664 4434 totius
676 4383 791 4436 concilii
803 4383 914 4450 incipit,
926 4383 976 4436 sed
987 4396 1051 4436 eam
1060 4383 1160 4448 utpote
1167 4393 1252 4446 quem

25 4468 198 4521 metiendo
213 4467 317 4518 writer
333 4467 524 4528 remordebat,
541 4466 723 4532 trepidando,
749 4466 932 4520 balbutiendo
949 4467 997 4519 vix
1015 4466 1087 4518 finit
1109 4463 1248 4517 conum

21 4549 129 4619 mgenti
141 4550 208 4602 orto
217 4546 350 4611 tumultu,
362 4548 474 4602 surrexi
486 4561 550 4617 ego,
563 4549 734 4614 silentioque
746 4550 836 4615 petito
850 4562 902 4604 neo
912 4549 1081 4616 impetrato,
1094 4546 1247 4602 clamosam
