<?xml version="1.0" encoding="UTF-8"?>
<!DOCTYPE html PUBLIC "-//W3C//DTD XHTML 1.0 Transitional//EN"
    "http://www.w3.org/TR/xhtml1/DTD/xhtml1-transitional.dtd">
<html xmlns="http://www.w3.org/1999/xhtml" xml:lang="en" lang="en">
 <head>
  <title>
</title>
<meta http-equiv="Content-Type" content="text/html;charset=utf-8" />
  <meta name='ocr-system' content='tesseract 3.04.00' />
  <meta name='ocr-capabilities' content='ocr_page ocr_carea ocr_par ocr_line ocrx_word'/>
</head>
<body>
  <div class='ocr_page' id='page_1' title='image "./corpusdocumento00frgoog_0203.png"; bbox 0 0 3188 5340; ppageno 0'>
   <div class='ocr_carea' id='block_1_1' title="bbox 195 456 895 533">
    <p class='ocr_par' dir='ltr' id='par_1_1' title="bbox 195 456 895 533">
     <span class='ocr_line' id='line_1_1' title="bbox 195 456 895 533; baseline 0.006 -6"><span class='ocrx_word' id='word_1_1' title='bbox 195 476 245 528; x_wconf 78' lang='grc' dir='ltr'><strong>ιιι</strong></span> <span class='ocrx_word' id='word_1_2' title='bbox 709 478 813 533; x_wconf 78' lang='lat' dir='ltr'><strong>nuno</strong></span> <span class='ocrx_word' id='word_1_3' title='bbox 831 456 895 531; x_wconf 70' lang='lat' dir='ltr'><strong>reae</strong></span> 
     </span>
    </p>
   </div>
   <div class='ocr_carea' id='block_1_2' title="bbox 181 642 1414 3938">
    <p class='ocr_par' dir='ltr' id='par_1_2' title="bbox 181 642 1414 3938">
     <span class='ocr_line' id='line_1_2' title="bbox 199 642 1403 713; baseline 0 -17"><span class='ocrx_word' id='word_1_4' title='bbox 199 644 273 696; x_wconf 87' lang='lat' dir='ltr'><strong>dono</strong></span> <span class='ocrx_word' id='word_1_5' title='bbox 285 644 315 698; x_wconf 92' lang='lat' dir='ltr'><strong>et</strong></span> <span class='ocrx_word' id='word_1_6' title='bbox 330 644 429 712; x_wconf 78' lang='lat' dir='ltr'><strong>gradu</strong></span> <span class='ocrx_word' id='word_1_7' title='bbox 444 645 486 698; x_wconf 87' lang='lat' dir='ltr'><strong>sie</strong></span> <span class='ocrx_word' id='word_1_8' title='bbox 496 647 594 700; x_wconf 85' lang='lat' dir='ltr'><strong>viuere</strong></span> <span class='ocrx_word' id='word_1_9' title='bbox 610 645 800 713; x_wconf 77' lang='lat' dir='ltr'><strong>inspiraverit.</strong></span> <span class='ocrx_word' id='word_1_10' title='bbox 819 646 888 699; x_wconf 85' lang='lat' dir='ltr'><strong>curn</strong></span> <span class='ocrx_word' id='word_1_11' title='bbox 905 659 957 713; x_wconf 90' lang='lat' dir='ltr'><strong>per</strong></span> <span class='ocrx_word' id='word_1_12' title='bbox 967 645 1105 699; x_wconf 90' lang='lat' dir='ltr'><strong>nonnulla</strong></span> <span class='ocrx_word' id='word_1_13' title='bbox 1115 646 1245 711; x_wconf 89' lang='lat' dir='ltr'><strong>tempora</strong></span> <span class='ocrx_word' id='word_1_14' title='bbox 1256 642 1304 697; x_wconf 92' lang='lat' dir='ltr'><strong>hie</strong></span> <span class='ocrx_word' id='word_1_15' title='bbox 1314 644 1403 696; x_wconf 84' lang='lat' dir='ltr'><strong>modas</strong></span> 
     </span>
     <span class='ocr_line' id='line_1_3' title="bbox 198 727 1404 794; baseline 0.001 -16"><span class='ocrx_word' id='word_1_16' title='bbox 198 727 311 780; x_wconf 78' lang='lat' dir='ltr'><strong>viuendl</strong></span> <span class='ocrx_word' id='word_1_17' title='bbox 322 728 353 780; x_wconf 89' lang='lat' dir='ltr'><strong>in</strong></span> <span class='ocrx_word' id='word_1_18' title='bbox 364 741 513 782; x_wconf 90' lang='lat' dir='ltr'><strong>commune</strong></span> <span class='ocrx_word' id='word_1_19' title='bbox 524 731 554 782; x_wconf 92' lang='lat' dir='ltr'><strong>in</strong></span> <span class='ocrx_word' id='word_1_20' title='bbox 563 731 661 783; x_wconf 85' lang='lat' dir='ltr'><strong>sancte</strong></span> <span class='ocrx_word' id='word_1_21' title='bbox 671 729 792 782; x_wconf 85' lang='lat' dir='ltr'><strong>ecclesie</strong></span> <span class='ocrx_word' id='word_1_22' title='bbox 803 731 982 783; x_wconf 86' lang='lat' dir='ltr'><strong>continuatus</strong></span> <span class='ocrx_word' id='word_1_23' title='bbox 993 730 1058 793; x_wconf 80' lang='lat' dir='ltr'><strong>luit,</strong></span> <span class='ocrx_word' id='word_1_24' title='bbox 1065 727 1302 794; x_wconf 77' lang='lat' dir='ltr'><strong>quemadmodum</strong></span> <span class='ocrx_word' id='word_1_25' title='bbox 1313 741 1404 793; x_wconf 89' lang='lat' dir='ltr'><strong>reper-</strong></span> 
     </span>
     <span class='ocr_line' id='line_1_4' title="bbox 196 810 1406 880; baseline 0 -19"><span class='ocrx_word' id='word_1_26' title='bbox 196 810 256 861; x_wconf 91' lang='lat' dir='ltr'><strong>tum</strong></span> <span class='ocrx_word' id='word_1_27' title='bbox 275 811 319 862; x_wconf 83' lang='lat' dir='ltr'><strong>esi</strong></span> <span class='ocrx_word' id='word_1_28' title='bbox 330 811 420 864; x_wconf 87' lang='lat' dir='ltr'><strong>eciam</strong></span> <span class='ocrx_word' id='word_1_29' title='bbox 431 826 521 877; x_wconf 91' lang='lat' dir='ltr'><strong>usque</strong></span> <span class='ocrx_word' id='word_1_30' title='bbox 538 828 613 865; x_wconf 91' lang='lat' dir='ltr'><strong>nunc</strong></span> <span class='ocrx_word' id='word_1_31' title='bbox 629 826 681 880; x_wconf 89' lang='lat' dir='ltr'><strong>per</strong></span> <span class='ocrx_word' id='word_1_32' title='bbox 700 812 810 880; x_wconf 91' lang='lat' dir='ltr'><strong>aliquos</strong></span> <span class='ocrx_word' id='word_1_33' title='bbox 822 813 958 865; x_wconf 87' lang='lat' dir='ltr'><strong>diuinitus</strong></span> <span class='ocrx_word' id='word_1_34' title='bbox 977 813 1140 878; x_wconf 86' lang='lat' dir='ltr'><strong>inspiratos,</strong></span> <span class='ocrx_word' id='word_1_35' title='bbox 1149 813 1180 863; x_wconf 89' lang='lat' dir='ltr'><strong>et</strong></span> <span class='ocrx_word' id='word_1_36' title='bbox 1200 810 1277 863; x_wconf 91' lang='lat' dir='ltr'><strong>huno</strong></span> <span class='ocrx_word' id='word_1_37' title='bbox 1298 810 1406 862; x_wconf 86' lang='lat' dir='ltr'><strong>modurn</strong></span> 
     </span>
     <span class='ocr_line' id='line_1_5' title="bbox 196 890 1408 962; baseline 0.002 -19"><span class='ocrx_word' id='word_1_38' title='bbox 196 890 315 944; x_wconf 81' lang='lat' dir='ltr'><strong>viuendl</strong></span> <span class='ocrx_word' id='word_1_39' title='bbox 332 895 526 947; x_wconf 70' lang='lat' dir='ltr'><strong>continuatum</strong></span> <span class='ocrx_word' id='word_1_40' title='bbox 548 897 637 948; x_wconf 84' lang='lat' dir='ltr'><strong>inisse</strong></span> <span class='ocrx_word' id='word_1_41' title='bbox 653 897 743 949; x_wconf 87' lang='lat' dir='ltr'><strong>eciam</strong></span> <span class='ocrx_word' id='word_1_42' title='bbox 763 897 844 949; x_wconf 84' lang='lat' dir='ltr'><strong>extra</strong></span> <span class='ocrx_word' id='word_1_43' title='bbox 862 895 1042 962; x_wconf 82' lang='lat' dir='ltr'><strong>religionem,</strong></span> <span class='ocrx_word' id='word_1_44' title='bbox 1064 896 1096 946; x_wconf 89' lang='lat' dir='ltr'><strong>ut</strong></span> <span class='ocrx_word' id='word_1_45' title='bbox 1115 895 1194 960; x_wconf 80' lang='lat' dir='ltr'><strong>petet</strong></span> <span class='ocrx_word' id='word_1_46' title='bbox 1207 894 1282 947; x_wconf 83' lang='lat' dir='ltr'><strong>vitas</strong></span> <span class='ocrx_word' id='word_1_47' title='bbox 1298 896 1408 959; x_wconf 86' lang='lat' dir='ltr'><strong>pahurn</strong></span> 
     </span>
     <span class='ocr_line' id='line_1_6' title="bbox 196 975 1409 1044; baseline 0.001 -18"><span class='ocrx_word' id='word_1_48' title='bbox 196 976 398 1039; x_wconf 73' lang='lat' dir='ltr'><strong>perscrutanti,</strong></span> <span class='ocrx_word' id='word_1_49' title='bbox 417 978 492 1030; x_wconf 91' lang='lat' dir='ltr'><strong>unde</strong></span> <span class='ocrx_word' id='word_1_50' title='bbox 515 979 645 1032; x_wconf 88' lang='lat' dir='ltr'><strong>mirabile</strong></span> <span class='ocrx_word' id='word_1_51' title='bbox 662 981 706 1032; x_wconf 89' lang='lat' dir='ltr'><strong>est</strong></span> <span class='ocrx_word' id='word_1_52' title='bbox 721 981 876 1044; x_wconf 88' lang='lat' dir='ltr'><strong>reprobare</strong></span> <span class='ocrx_word' id='word_1_53' title='bbox 898 980 1033 1044; x_wconf 86' lang='lat' dir='ltr'><strong>tanquam</strong></span> <span class='ocrx_word' id='word_1_54' title='bbox 1049 977 1216 1038; x_wconf 87' lang='lat' dir='ltr'><strong>hereticum,</strong></span> <span class='ocrx_word' id='word_1_55' title='bbox 1229 976 1306 1042; x_wconf 89' lang='lat' dir='ltr'><strong>quod</strong></span> <span class='ocrx_word' id='word_1_56' title='bbox 1333 975 1372 1028; x_wconf 87' lang='lat' dir='ltr'><strong>sit</strong></span> <span class='ocrx_word' id='word_1_57' title='bbox 1394 989 1409 1027; x_wconf 89' lang='lat' dir='ltr'><strong>a</strong></span> 
     </span>
     <span class='ocr_line' id='line_1_7' title="bbox 196 1055 1412 1129; baseline 0.002 -21"><span class='ocrx_word' id='word_1_58' title='bbox 196 1055 309 1109; x_wconf 85' lang='lat' dir='ltr'><strong>Christo</strong></span> <span class='ocrx_word' id='word_1_59' title='bbox 328 1059 478 1112; x_wconf 74' lang='lat' dir='ltr'><strong>fundatore</strong></span> <span class='ocrx_word' id='word_1_60' title='bbox 495 1064 524 1114; x_wconf 88' lang='lat' dir='ltr'><strong>et</strong></span> <span class='ocrx_word' id='word_1_61' title='bbox 546 1063 708 1115; x_wconf 83' lang='lat' dir='ltr'><strong>institutore</strong></span> <span class='ocrx_word' id='word_1_62' title='bbox 725 1062 798 1129; x_wconf 89' lang='lat' dir='ltr'><strong>legis</strong></span> <span class='ocrx_word' id='word_1_63' title='bbox 820 1065 917 1114; x_wconf 89' lang='lat' dir='ltr'><strong>nostre</strong></span> <span class='ocrx_word' id='word_1_64' title='bbox 934 1063 1051 1126; x_wconf 88' lang='lat' dir='ltr'><strong>eiusque</strong></span> <span class='ocrx_word' id='word_1_65' title='bbox 1068 1059 1214 1126; x_wconf 84' lang='lat' dir='ltr'><strong>discipulis</strong></span> <span class='ocrx_word' id='word_1_66' title='bbox 1233 1059 1412 1125; x_wconf 81' lang='lat' dir='ltr'><strong>posterisque</strong></span> 
     </span>
     <span class='ocr_line' id='line_1_8' title="bbox 193 1140 1413 1211; baseline 0.002 -20"><span class='ocrx_word' id='word_1_67' title='bbox 193 1140 299 1192; x_wconf 88' lang='lat' dir='ltr'><strong>sanetis</strong></span> <span class='ocrx_word' id='word_1_68' title='bbox 315 1140 444 1207; x_wconf 86' lang='lat' dir='ltr'><strong>pluribus</strong></span> <span class='ocrx_word' id='word_1_69' title='bbox 454 1145 582 1210; x_wconf 84' lang='lat' dir='ltr'><strong>patribus</strong></span> <span class='ocrx_word' id='word_1_70' title='bbox 594 1145 723 1211; x_wconf 87' lang='lat' dir='ltr'><strong>exemplo</strong></span> <span class='ocrx_word' id='word_1_71' title='bbox 735 1145 823 1210; x_wconf 89' lang='lat' dir='ltr'><strong>ipsius</strong></span> <span class='ocrx_word' id='word_1_72' title='bbox 836 1146 949 1208; x_wconf 86' lang='lat' dir='ltr'><strong>christi,</strong></span> <span class='ocrx_word' id='word_1_73' title='bbox 962 1146 1042 1198; x_wconf 90' lang='lat' dir='ltr'><strong>cuius</strong></span> <span class='ocrx_word' id='word_1_74' title='bbox 1053 1144 1145 1195; x_wconf 88' lang='lat' dir='ltr'><strong>omnis</strong></span> <span class='ocrx_word' id='word_1_75' title='bbox 1161 1143 1237 1195; x_wconf 92' lang='lat' dir='ltr'><strong>actio</strong></span> <span class='ocrx_word' id='word_1_76' title='bbox 1254 1143 1356 1194; x_wconf 84' lang='lat' dir='ltr'><strong>nostra</strong></span> <span class='ocrx_word' id='word_1_77' title='bbox 1370 1143 1413 1193; x_wconf 85' lang='lat' dir='ltr'><strong>est</strong></span> 
     </span>
     <span class='ocr_line' id='line_1_9' title="bbox 192 1223 1413 1295; baseline 0 -20"><span class='ocrx_word' id='word_1_78' title='bbox 192 1223 352 1286; x_wconf 85' lang='lat' dir='ltr'><strong>insi-ructio,</strong></span> <span class='ocrx_word' id='word_1_79' title='bbox 370 1227 419 1291; x_wconf 90' lang='lat' dir='ltr'><strong>qni</strong></span> <span class='ocrx_word' id='word_1_80' title='bbox 436 1228 525 1279; x_wconf 86' lang='lat' dir='ltr'><strong>eciam</strong></span> <span class='ocrx_word' id='word_1_81' title='bbox 543 1226 596 1280; x_wconf 92' lang='lat' dir='ltr'><strong>hoc</strong></span> <span class='ocrx_word' id='word_1_82' title='bbox 613 1229 673 1295; x_wconf 91' lang='lat' dir='ltr'><strong>egit</strong></span> <span class='ocrx_word' id='word_1_83' title='bbox 684 1242 741 1280; x_wconf 92' lang='lat' dir='ltr'><strong>non</strong></span> <span class='ocrx_word' id='word_1_84' title='bbox 761 1231 878 1294; x_wconf 89' lang='lat' dir='ltr'><strong>propter</strong></span> <span class='ocrx_word' id='word_1_85' title='bbox 889 1242 929 1292; x_wconf 88' lang='lat' dir='ltr'><strong>se,</strong></span> <span class='ocrx_word' id='word_1_86' title='bbox 942 1228 1035 1280; x_wconf 82' lang='lat' dir='ltr'><strong>sedni</strong></span> <span class='ocrx_word' id='word_1_87' title='bbox 1054 1227 1136 1279; x_wconf 89' lang='lat' dir='ltr'><strong>nobis</strong></span> <span class='ocrx_word' id='word_1_88' title='bbox 1151 1225 1274 1293; x_wconf 85' lang='lat' dir='ltr'><strong>posteris</strong></span> <span class='ocrx_word' id='word_1_89' title='bbox 1289 1225 1413 1276; x_wconf 78' lang='lat' dir='ltr'><strong>formam</strong></span> 
     </span>
     <span class='ocr_line' id='line_1_10' title="bbox 190 1305 1414 1377; baseline 0 -21"><span class='ocrx_word' id='word_1_90' title='bbox 190 1305 272 1359; x_wconf 80' lang='lat' dir='ltr'><strong>daret</strong></span> <span class='ocrx_word' id='word_1_91' title='bbox 279 1307 402 1359; x_wconf 86' lang='lat' dir='ltr'><strong>viuendi.</strong></span> <span class='ocrx_word' id='word_1_92' title='bbox 415 1307 602 1361; x_wconf 84' lang='lat' dir='ltr'><strong>obseruatum</strong></span> <span class='ocrx_word' id='word_1_93' title='bbox 614 1311 666 1372; x_wconf 90' lang='lat' dir='ltr'><strong>est,</strong></span> <span class='ocrx_word' id='word_1_94' title='bbox 674 1312 706 1360; x_wconf 93' lang='lat' dir='ltr'><strong>ut</strong></span> <span class='ocrx_word' id='word_1_95' title='bbox 716 1322 768 1375; x_wconf 91' lang='lat' dir='ltr'><strong>per</strong></span> <span class='ocrx_word' id='word_1_96' title='bbox 779 1308 903 1377; x_wconf 89' lang='lat' dir='ltr'><strong>allegata</strong></span> <span class='ocrx_word' id='word_1_97' title='bbox 910 1309 1078 1376; x_wconf 86' lang='lat' dir='ltr'><strong>patet,quod</strong></span> <span class='ocrx_word' id='word_1_98' title='bbox 1087 1308 1177 1360; x_wconf 82' lang='lat' dir='ltr'><strong>eciem</strong></span> <span class='ocrx_word' id='word_1_99' title='bbox 1188 1319 1241 1372; x_wconf 90' lang='lat' dir='ltr'><strong>per</strong></span> <span class='ocrx_word' id='word_1_100' title='bbox 1247 1307 1316 1370; x_wconf 73' lang='lat' dir='ltr'><strong>iura</strong></span> <span class='ocrx_word' id='word_1_101' title='bbox 1324 1307 1355 1357; x_wconf 87' lang='lat' dir='ltr'><strong>et</strong></span> <span class='ocrx_word' id='word_1_102' title='bbox 1362 1318 1414 1371; x_wconf 86' lang='lat' dir='ltr'><strong>per</strong></span> 
     </span>
     <span class='ocr_line' id='line_1_11' title="bbox 195 1387 1414 1458; baseline -0.001 -19"><span class='ocrx_word' id='word_1_103' title='bbox 195 1389 326 1442; x_wconf 89' lang='lat' dir='ltr'><strong>doctores</strong></span> <span class='ocrx_word' id='word_1_104' title='bbox 336 1392 520 1457; x_wconf 73' lang='lat' dir='ltr'><strong>perfectionis</strong></span> <span class='ocrx_word' id='word_1_105' title='bbox 531 1406 593 1445; x_wconf 88' lang='lat' dir='ltr'><strong>esse</strong></span> <span class='ocrx_word' id='word_1_106' title='bbox 604 1395 736 1446; x_wconf 89' lang='lat' dir='ltr'><strong>censetur</strong></span> <span class='ocrx_word' id='word_1_107' title='bbox 744 1395 773 1446; x_wconf 89' lang='lat' dir='ltr'><strong>et</strong></span> <span class='ocrx_word' id='word_1_108' title='bbox 784 1394 865 1445; x_wconf 91' lang='lat' dir='ltr'><strong>cuius</strong></span> <span class='ocrx_word' id='word_1_109' title='bbox 876 1393 1036 1458; x_wconf 91' lang='lat' dir='ltr'><strong>oppositum</strong></span> <span class='ocrx_word' id='word_1_110' title='bbox 1047 1405 1083 1444; x_wconf 86' lang='lat' dir='ltr'><strong>ex</strong></span> <span class='ocrx_word' id='word_1_111' title='bbox 1099 1389 1308 1456; x_wconf 73' lang='lat' dir='ltr'><strong>inperfectione</strong></span> <span class='ocrx_word' id='word_1_112' title='bbox 1319 1387 1414 1440; x_wconf 90' lang='lat' dir='ltr'><strong>solum</strong></span> 
     </span>
     <span class='ocr_line' id='line_1_12' title="bbox 190 1470 1413 1543; baseline -0.001 -20"><span class='ocrx_word' id='word_1_113' title='bbox 190 1471 337 1525; x_wconf 88' lang='lat' dir='ltr'><strong>hominum</strong></span> <span class='ocrx_word' id='word_1_114' title='bbox 352 1475 499 1541; x_wconf 87' lang='lat' dir='ltr'><strong>prooessit,</strong></span> <span class='ocrx_word' id='word_1_115' title='bbox 512 1489 607 1541; x_wconf 82' lang='lat' dir='ltr'><strong>ymmo</strong></span> <span class='ocrx_word' id='word_1_116' title='bbox 624 1476 699 1543; x_wconf 93' lang='lat' dir='ltr'><strong>quod</strong></span> <span class='ocrx_word' id='word_1_117' title='bbox 711 1490 728 1528; x_wconf 85' lang='lat' dir='ltr'><strong>e</strong></span> <span class='ocrx_word' id='word_1_118' title='bbox 744 1476 873 1542; x_wconf 87' lang='lat' dir='ltr'><strong>pluribus</strong></span> <span class='ocrx_word' id='word_1_119' title='bbox 880 1474 1060 1541; x_wconf 84' lang='lat' dir='ltr'><strong>philosophie</strong></span> <span class='ocrx_word' id='word_1_120' title='bbox 1072 1473 1209 1525; x_wconf 81' lang='lat' dir='ltr'><strong>dictatum</strong></span> <span class='ocrx_word' id='word_1_121' title='bbox 1219 1474 1264 1525; x_wconf 86' lang='lat' dir='ltr'><strong>est</strong></span> <span class='ocrx_word' id='word_1_122' title='bbox 1280 1484 1347 1523; x_wconf 82' lang='lat' dir='ltr'><strong>esse</strong></span> <span class='ocrx_word' id='word_1_123' title='bbox 1358 1470 1413 1522; x_wconf 82' lang='lat' dir='ltr'><strong>vir·</strong></span> 
     </span>
     <span class='ocr_line' id='line_1_13' title="bbox 190 1552 1414 1624; baseline -0.001 -17"><span class='ocrx_word' id='word_1_124' title='bbox 190 1554 313 1618; x_wconf 69' lang='lat' dir='ltr'><strong>mosum,</strong></span> <span class='ocrx_word' id='word_1_125' title='bbox 331 1559 364 1609; x_wconf 91' lang='lat' dir='ltr'><strong>ut</strong></span> <span class='ocrx_word' id='word_1_126' title='bbox 380 1569 415 1609; x_wconf 83' lang='lat' dir='ltr'><strong>ex</strong></span> <span class='ocrx_word' id='word_1_127' title='bbox 432 1557 515 1610; x_wconf 89' lang='lat' dir='ltr'><strong>dictis</strong></span> <span class='ocrx_word' id='word_1_128' title='bbox 532 1560 618 1623; x_wconf 88' lang='lat' dir='ltr'><strong>patet,</strong></span> <span class='ocrx_word' id='word_1_129' title='bbox 643 1560 778 1624; x_wconf 88' lang='lat' dir='ltr'><strong>numquid</strong></span> <span class='ocrx_word' id='word_1_130' title='bbox 789 1558 844 1611; x_wconf 92' lang='lat' dir='ltr'><strong>hoc</strong></span> <span class='ocrx_word' id='word_1_131' title='bbox 860 1559 938 1610; x_wconf 86' lang='lat' dir='ltr'><strong>sitin</strong></span> <span class='ocrx_word' id='word_1_132' title='bbox 951 1559 1062 1610; x_wconf 90' lang='lat' dir='ltr'><strong>ruinam</strong></span> <span class='ocrx_word' id='word_1_133' title='bbox 1073 1556 1202 1608; x_wconf 80' lang='lat' dir='ltr'><strong>doctrine</strong></span> <span class='ocrx_word' id='word_1_134' title='bbox 1213 1552 1374 1607; x_wconf 78' lang='lat' dir='ltr'><strong>christiane</strong></span> <span class='ocrx_word' id='word_1_135' title='bbox 1384 1554 1414 1606; x_wconf 77' lang='lat' dir='ltr'><strong>ei</strong></span> 
     </span>
     <span class='ocr_line' id='line_1_14' title="bbox 190 1636 1411 1709; baseline -0.001 -21"><span class='ocrx_word' id='word_1_136' title='bbox 190 1636 331 1690; x_wconf 90' lang='lat' dir='ltr'><strong>honorum</strong></span> <span class='ocrx_word' id='word_1_137' title='bbox 353 1645 486 1693; x_wconf 83' lang='lat' dir='ltr'><strong>moruml</strong></span> <span class='ocrx_word' id='word_1_138' title='bbox 503 1641 623 1694; x_wconf 90' lang='lat' dir='ltr'><strong>Videtur</strong></span> <span class='ocrx_word' id='word_1_139' title='bbox 638 1657 690 1709; x_wconf 88' lang='lat' dir='ltr'><strong>pro</strong></span> <span class='ocrx_word' id='word_1_140' title='bbox 708 1644 785 1695; x_wconf 85' lang='lat' dir='ltr'><strong>certo</strong></span> <span class='ocrx_word' id='word_1_141' title='bbox 806 1656 893 1708; x_wconf 86' lang='lat' dir='ltr'><strong>super</strong></span> <span class='ocrx_word' id='word_1_142' title='bbox 914 1641 968 1693; x_wconf 93' lang='lat' dir='ltr'><strong>hoc</strong></span> <span class='ocrx_word' id='word_1_143' title='bbox 992 1640 1117 1707; x_wconf 87' lang='lat' dir='ltr'><strong>plurium</strong></span> <span class='ocrx_word' id='word_1_144' title='bbox 1137 1636 1299 1691; x_wconf 85' lang='lat' dir='ltr'><strong>aiidelibus</strong></span> <span class='ocrx_word' id='word_1_145' title='bbox 1311 1636 1411 1688; x_wconf 72' lang='lat' dir='ltr'><strong>adner</strong></span> 
     </span>
     <span class='ocr_line' id='line_1_15' title="bbox 191 1717 1413 1789; baseline -0.003 -17"><span class='ocrx_word' id='word_1_146' title='bbox 191 1720 316 1772; x_wconf 82' lang='lat' dir='ltr'><strong>tendum.</strong></span> <span class='ocrx_word' id='word_1_147' title='bbox 336 1720 373 1772; x_wconf 84' lang='lat' dir='ltr'><strong>Et</strong></span> <span class='ocrx_word' id='word_1_148' title='bbox 395 1723 420 1773; x_wconf 87' lang='lat' dir='ltr'><strong>si</strong></span> <span class='ocrx_word' id='word_1_149' title='bbox 440 1723 560 1787; x_wconf 86' lang='lat' dir='ltr'><strong>dicatur,</strong></span> <span class='ocrx_word' id='word_1_150' title='bbox 573 1724 648 1789; x_wconf 91' lang='lat' dir='ltr'><strong>quod</strong></span> <span class='ocrx_word' id='word_1_151' title='bbox 665 1726 721 1777; x_wconf 86' lang='lat' dir='ltr'><strong>isto</strong></span> <span class='ocrx_word' id='word_1_152' title='bbox 735 1725 834 1776; x_wconf 90' lang='lat' dir='ltr'><strong>modus</strong></span> <span class='ocrx_word' id='word_1_153' title='bbox 850 1724 967 1776; x_wconf 91' lang='lat' dir='ltr'><strong>uiuendi</strong></span> <span class='ocrx_word' id='word_1_154' title='bbox 987 1721 1176 1774; x_wconf 87' lang='lat' dir='ltr'><strong>communiter</strong></span> <span class='ocrx_word' id='word_1_155' title='bbox 1192 1718 1366 1786; x_wconf 79' lang='lat' dir='ltr'><strong>prohibetur</strong></span> <span class='ocrx_word' id='word_1_156' title='bbox 1383 1717 1413 1768; x_wconf 91' lang='lat' dir='ltr'><strong>in</strong></span> 
     </span>
     <span class='ocr_line' id='line_1_16' title="bbox 190 1801 1412 1871; baseline -0.002 -16"><span class='ocrx_word' id='word_1_157' title='bbox 190 1804 396 1870; x_wconf 84' lang='lat' dir='ltr'><strong>extrausgante</strong></span> <span class='ocrx_word' id='word_1_158' title='bbox 407 1802 511 1858; x_wconf 65' lang='lat' dir='ltr'><strong>&amp;neta</strong></span> <span class='ocrx_word' id='word_1_159' title='bbox 527 1805 668 1871; x_wconf 84' lang='lat' dir='ltr'><strong>Romano,</strong></span> <span class='ocrx_word' id='word_1_160' title='bbox 681 1808 756 1859; x_wconf 90' lang='lat' dir='ltr'><strong>istud</strong></span> <span class='ocrx_word' id='word_1_161' title='bbox 766 1821 821 1859; x_wconf 89' lang='lat' dir='ltr'><strong>non</strong></span> <span class='ocrx_word' id='word_1_162' title='bbox 832 1806 918 1869; x_wconf 81' lang='lat' dir='ltr'><strong>valet,</strong></span> <span class='ocrx_word' id='word_1_163' title='bbox 930 1807 998 1871; x_wconf 87' lang='lat' dir='ltr'><strong>quia</strong></span> <span class='ocrx_word' id='word_1_164' title='bbox 1009 1805 1049 1856; x_wconf 93' lang='lat' dir='ltr'><strong>ibi</strong></span> <span class='ocrx_word' id='word_1_165' title='bbox 1061 1817 1118 1856; x_wconf 91' lang='lat' dir='ltr'><strong>non</strong></span> <span class='ocrx_word' id='word_1_166' title='bbox 1129 1803 1300 1868; x_wconf 85' lang='lat' dir='ltr'><strong>reprobatur</strong></span> <span class='ocrx_word' id='word_1_167' title='bbox 1310 1801 1412 1852; x_wconf 82' lang='lat' dir='ltr'><strong>viuere</strong></span> 
     </span>
     <span class='ocr_line' id='line_1_17' title="bbox 188 1883 1412 1956; baseline -0.002 -19"><span class='ocrx_word' id='word_1_168' title='bbox 188 1887 384 1949; x_wconf 88' lang='lat' dir='ltr'><strong>communiter,</strong></span> <span class='ocrx_word' id='word_1_169' title='bbox 403 1887 573 1954; x_wconf 88' lang='lat' dir='ltr'><strong>simpliciter</strong></span> <span class='ocrx_word' id='word_1_170' title='bbox 588 1892 618 1942; x_wconf 92' lang='lat' dir='ltr'><strong>et</strong></span> <span class='ocrx_word' id='word_1_171' title='bbox 628 1904 680 1956; x_wconf 90' lang='lat' dir='ltr'><strong>per</strong></span> <span class='ocrx_word' id='word_1_172' title='bbox 690 1904 731 1953; x_wconf 90' lang='lat' dir='ltr'><strong>se,</strong></span> <span class='ocrx_word' id='word_1_173' title='bbox 749 1890 816 1954; x_wconf 88' lang='lat' dir='ltr'><strong>quia</strong></span> <span class='ocrx_word' id='word_1_174' title='bbox 832 1892 900 1941; x_wconf 90' lang='lat' dir='ltr'><strong>tunc</strong></span> <span class='ocrx_word' id='word_1_175' title='bbox 915 1889 1020 1953; x_wconf 91' lang='lat' dir='ltr'><strong>ubique</strong></span> <span class='ocrx_word' id='word_1_176' title='bbox 1039 1888 1114 1940; x_wconf 89' lang='lat' dir='ltr'><strong>esset</strong></span> <span class='ocrx_word' id='word_1_177' title='bbox 1125 1886 1321 1951; x_wconf 89' lang='lat' dir='ltr'><strong>reprobatum,</strong></span> <span class='ocrx_word' id='word_1_178' title='bbox 1335 1883 1412 1949; x_wconf 92' lang='lat' dir='ltr'><strong>quod</strong></span> 
     </span>
     <span class='ocr_line' id='line_1_18' title="bbox 188 1966 1412 2035; baseline -0.002 -15"><span class='ocrx_word' id='word_1_179' title='bbox 188 1968 345 2034; x_wconf 87' lang='lat' dir='ltr'><strong>aduersarlj</strong></span> <span class='ocrx_word' id='word_1_180' title='bbox 359 1984 415 2022; x_wconf 90' lang='lat' dir='ltr'><strong>non</strong></span> <span class='ocrx_word' id='word_1_181' title='bbox 428 1973 596 2035; x_wconf 89' lang='lat' dir='ltr'><strong>concedunt,</strong></span> <span class='ocrx_word' id='word_1_182' title='bbox 614 1973 664 2025; x_wconf 87' lang='lat' dir='ltr'><strong>sed</strong></span> <span class='ocrx_word' id='word_1_183' title='bbox 675 1972 857 2034; x_wconf 85' lang='lat' dir='ltr'><strong>coniunctim,</strong></span> <span class='ocrx_word' id='word_1_184' title='bbox 871 1971 980 2023; x_wconf 88' lang='lat' dir='ltr'><strong>scilicet</strong></span> <span class='ocrx_word' id='word_1_185' title='bbox 991 1984 1056 2022; x_wconf 89' lang='lat' dir='ltr'><strong>oum</strong></span> <span class='ocrx_word' id='word_1_186' title='bbox 1066 1967 1290 2032; x_wconf 77' lang='lat' dir='ltr'><strong>circumstanciis</strong></span> <span class='ocrx_word' id='word_1_187' title='bbox 1301 1966 1412 2018; x_wconf 90' lang='lat' dir='ltr'><strong>ibidem</strong></span> 
     </span>
     <span class='ocr_line' id='line_1_19' title="bbox 188 2048 1411 2121; baseline -0.001 -20"><span class='ocrx_word' id='word_1_188' title='bbox 188 2051 289 2116; x_wconf 87' lang='lat' dir='ltr'><strong>positis</strong></span> <span class='ocrx_word' id='word_1_189' title='bbox 299 2051 433 2105; x_wconf 87' lang='lat' dir='ltr'><strong>videlicet</strong></span> <span class='ocrx_word' id='word_1_190' title='bbox 448 2067 513 2107; x_wconf 88' lang='lat' dir='ltr'><strong>cum</strong></span> <span class='ocrx_word' id='word_1_191' title='bbox 525 2054 664 2107; x_wconf 85' lang='lat' dir='ltr'><strong>electione</strong></span> <span class='ocrx_word' id='word_1_192' title='bbox 676 2055 776 2121; x_wconf 86' lang='lat' dir='ltr'><strong>regule</strong></span> <span class='ocrx_word' id='word_1_193' title='bbox 788 2054 953 2121; x_wconf 88' lang='lat' dir='ltr'><strong>superioris,</strong></span> <span class='ocrx_word' id='word_1_194' title='bbox 970 2052 1069 2105; x_wconf 89' lang='lat' dir='ltr'><strong>habitu</strong></span> <span class='ocrx_word' id='word_1_195' title='bbox 1086 2063 1160 2103; x_wconf 90' lang='lat' dir='ltr'><strong>noue</strong></span> <span class='ocrx_word' id='word_1_196' title='bbox 1177 2048 1341 2116; x_wconf 84' lang='lat' dir='ltr'><strong>religionis,</strong></span> <span class='ocrx_word' id='word_1_197' title='bbox 1354 2062 1411 2114; x_wconf 91' lang='lat' dir='ltr'><strong>que</strong></span> 
     </span>
     <span class='ocr_line' id='line_1_20' title="bbox 187 2131 1409 2203; baseline -0.002 -18"><span class='ocrx_word' id='word_1_198' title='bbox 187 2147 353 2199; x_wconf 88' lang='lat' dir='ltr'><strong>presumere</strong></span> <span class='ocrx_word' id='word_1_199' title='bbox 371 2150 426 2187; x_wconf 91' lang='lat' dir='ltr'><strong>non</strong></span> <span class='ocrx_word' id='word_1_200' title='bbox 443 2134 512 2188; x_wconf 87' lang='lat' dir='ltr'><strong>licet</strong></span> <span class='ocrx_word' id='word_1_201' title='bbox 529 2137 590 2189; x_wconf 89' lang='lat' dir='ltr'><strong>sine</strong></span> <span class='ocrx_word' id='word_1_202' title='bbox 609 2138 778 2189; x_wconf 88' lang='lat' dir='ltr'><strong>auctoritate</strong></span> <span class='ocrx_word' id='word_1_203' title='bbox 794 2136 970 2203; x_wconf 82' lang='lat' dir='ltr'><strong>superioris3</strong></span> <span class='ocrx_word' id='word_1_204' title='bbox 989 2135 1039 2187; x_wconf 92' lang='lat' dir='ltr'><strong>sed</strong></span> <span class='ocrx_word' id='word_1_205' title='bbox 1053 2134 1151 2186; x_wconf 83' lang='lat' dir='ltr'><strong>viuere</strong></span> <span class='ocrx_word' id='word_1_206' title='bbox 1167 2131 1361 2184; x_wconf 85' lang='lat' dir='ltr'><strong>communiter</strong></span> <span class='ocrx_word' id='word_1_207' title='bbox 1378 2132 1409 2182; x_wconf 88' lang='lat' dir='ltr'><strong>in</strong></span> 
     </span>
     <span class='ocr_line' id='line_1_21' title="bbox 186 2214 1408 2285; baseline -0.001 -18"><span class='ocrx_word' id='word_1_208' title='bbox 186 2215 322 2268; x_wconf 86' lang='lat' dir='ltr'><strong>societate</strong></span> <span class='ocrx_word' id='word_1_209' title='bbox 338 2218 489 2269; x_wconf 85' lang='lat' dir='ltr'><strong>caritatiue</strong></span> <span class='ocrx_word' id='word_1_210' title='bbox 500 2218 606 2285; x_wconf 91' lang='lat' dir='ltr'><strong>absque</strong></span> <span class='ocrx_word' id='word_1_211' title='bbox 617 2219 740 2271; x_wconf 82' lang='lat' dir='ltr'><strong>lectione</strong></span> <span class='ocrx_word' id='word_1_212' title='bbox 756 2218 905 2284; x_wconf 86' lang='lat' dir='ltr'><strong>religionis</strong></span> <span class='ocrx_word' id='word_1_213' title='bbox 916 2216 964 2270; x_wconf 90' lang='lat' dir='ltr'><strong>uel</strong></span> <span class='ocrx_word' id='word_1_214' title='bbox 975 2216 1089 2283; x_wconf 88' lang='lat' dir='ltr'><strong>eollegij</strong></span> <span class='ocrx_word' id='word_1_215' title='bbox 1110 2214 1157 2268; x_wconf 91' lang='lat' dir='ltr'><strong>uel</strong></span> <span class='ocrx_word' id='word_1_216' title='bbox 1174 2215 1335 2266; x_wconf 82' lang='lat' dir='ltr'><strong>conuentus</strong></span> <span class='ocrx_word' id='word_1_217' title='bbox 1352 2227 1408 2266; x_wconf 90' lang='lat' dir='ltr'><strong>non</strong></span> 
     </span>
     <span class='ocr_line' id='line_1_22' title="bbox 186 2295 1407 2367; baseline 0 -18"><span class='ocrx_word' id='word_1_218' title='bbox 186 2297 354 2363; x_wconf 87' lang='lat' dir='ltr'><strong>prohibetur</strong></span> <span class='ocrx_word' id='word_1_219' title='bbox 372 2313 425 2352; x_wconf 91' lang='lat' dir='ltr'><strong>nec</strong></span> <span class='ocrx_word' id='word_1_220' title='bbox 445 2303 538 2367; x_wconf 88' lang='lat' dir='ltr'><strong>potest</strong></span> <span class='ocrx_word' id='word_1_221' title='bbox 560 2301 713 2366; x_wconf 86' lang='lat' dir='ltr'><strong>prohiberi,</strong></span> <span class='ocrx_word' id='word_1_222' title='bbox 735 2301 802 2365; x_wconf 87' lang='lat' dir='ltr'><strong>qnia</strong></span> <span class='ocrx_word' id='word_1_223' title='bbox 821 2300 875 2352; x_wconf 92' lang='lat' dir='ltr'><strong>hoc</strong></span> <span class='ocrx_word' id='word_1_224' title='bbox 898 2301 973 2352; x_wconf 89' lang='lat' dir='ltr'><strong>esset</strong></span> <span class='ocrx_word' id='word_1_225' title='bbox 991 2300 1091 2351; x_wconf 88' lang='lat' dir='ltr'><strong>contre</strong></span> <span class='ocrx_word' id='word_1_226' title='bbox 1106 2296 1323 2362; x_wconf 77' lang='lat' dir='ltr'><strong>jnstibreionem</strong></span> <span class='ocrx_word' id='word_1_227' title='bbox 1340 2295 1407 2349; x_wconf 81' lang='lat' dir='ltr'><strong>fidei</strong></span> 
     </span>
     <span class='ocr_line' id='line_1_23' title="bbox 188 2378 1407 2450; baseline -0.001 -18"><span class='ocrx_word' id='word_1_228' title='bbox 188 2381 294 2444; x_wconf 84' lang='lat' dir='ltr'><strong>nostre,</strong></span> <span class='ocrx_word' id='word_1_229' title='bbox 312 2382 343 2433; x_wconf 87' lang='lat' dir='ltr'><strong>ut</strong></span> <span class='ocrx_word' id='word_1_230' title='bbox 355 2394 390 2433; x_wconf 86' lang='lat' dir='ltr'><strong>ex</strong></span> <span class='ocrx_word' id='word_1_231' title='bbox 411 2381 543 2449; x_wconf 83' lang='lat' dir='ltr'><strong>allegatis</strong></span> <span class='ocrx_word' id='word_1_232' title='bbox 554 2382 751 2450; x_wconf 87' lang='lat' dir='ltr'><strong>multipliciter</strong></span> <span class='ocrx_word' id='word_1_233' title='bbox 762 2382 914 2434; x_wconf 88' lang='lat' dir='ltr'><strong>deductum</strong></span> <span class='ocrx_word' id='word_1_234' title='bbox 933 2383 985 2433; x_wconf 83' lang='lat' dir='ltr'><strong>est</strong></span> <span class='ocrx_word' id='word_1_235' title='bbox 1005 2380 1042 2432; x_wconf 81' lang='lat' dir='ltr'><strong>Et</strong></span> <span class='ocrx_word' id='word_1_236' title='bbox 1060 2381 1147 2432; x_wconf 90' lang='lat' dir='ltr'><strong>istum</strong></span> <span class='ocrx_word' id='word_1_237' title='bbox 1163 2378 1280 2430; x_wconf 91' lang='lat' dir='ltr'><strong>modum</strong></span> <span class='ocrx_word' id='word_1_238' title='bbox 1289 2378 1407 2431; x_wconf 71' lang='lat' dir='ltr'><strong>duendi</strong></span> 
     </span>
     <span class='ocr_line' id='line_1_24' title="bbox 188 2461 1407 2531; baseline -0.002 -15"><span class='ocrx_word' id='word_1_239' title='bbox 188 2464 377 2517; x_wconf 86' lang='lat' dir='ltr'><strong>communiter</strong></span> <span class='ocrx_word' id='word_1_240' title='bbox 395 2465 502 2530; x_wconf 85' lang='lat' dir='ltr'><strong>shsque</strong></span> <span class='ocrx_word' id='word_1_241' title='bbox 521 2467 646 2518; x_wconf 77' lang='lat' dir='ltr'><strong>factione</strong></span> <span class='ocrx_word' id='word_1_242' title='bbox 664 2467 821 2519; x_wconf 88' lang='lat' dir='ltr'><strong>conuentus</strong></span> <span class='ocrx_word' id='word_1_243' title='bbox 836 2464 883 2517; x_wconf 84' lang='lat' dir='ltr'><strong>vel</strong></span> <span class='ocrx_word' id='word_1_244' title='bbox 902 2462 1015 2531; x_wconf 80' lang='lat' dir='ltr'><strong>colleglj</strong></span> <span class='ocrx_word' id='word_1_245' title='bbox 1029 2463 1150 2529; x_wconf 86' lang='lat' dir='ltr'><strong>tangunt</strong></span> <span class='ocrx_word' id='word_1_246' title='bbox 1166 2462 1259 2514; x_wconf 89' lang='lat' dir='ltr'><strong>eciam</strong></span> <span class='ocrx_word' id='word_1_247' title='bbox 1275 2461 1407 2513; x_wconf 78' lang='lat' dir='ltr'><strong>doctores</strong></span> 
     </span>
     <span class='ocr_line' id='line_1_25' title="bbox 185 2542 1405 2619; baseline -0.002 -21"><span class='ocrx_word' id='word_1_248' title='bbox 185 2547 258 2611; x_wconf 75' lang='lat' dir='ltr'><strong>iuris</strong></span> <span class='ocrx_word' id='word_1_249' title='bbox 270 2547 299 2598; x_wconf 92' lang='lat' dir='ltr'><strong>in</strong></span> <span class='ocrx_word' id='word_1_250' title='bbox 307 2546 437 2619; x_wconf 85' lang='lat' dir='ltr'><strong>pluribus</strong></span> <span class='ocrx_word' id='word_1_251' title='bbox 448 2546 537 2612; x_wconf 81' lang='lat' dir='ltr'><strong>locis;</strong></span> <span class='ocrx_word' id='word_1_252' title='bbox 550 2549 624 2601; x_wconf 90' lang='lat' dir='ltr'><strong>unde</strong></span> <span class='ocrx_word' id='word_1_253' title='bbox 635 2548 859 2600; x_wconf 83' lang='lat' dir='ltr'><strong>Archidiaoonus</strong></span> <span class='ocrx_word' id='word_1_254' title='bbox 872 2548 927 2612; x_wconf 83' lang='lat' dir='ltr'>xvj.</span> <span class='ocrx_word' id='word_1_255' title='bbox 941 2561 969 2611; x_wconf 86' lang='lat' dir='ltr'><strong>q.</strong></span> <span class='ocrx_word' id='word_1_256' title='bbox 979 2547 999 2598; x_wconf 90' lang='lat' dir='ltr'><strong>i.</strong></span> <span class='ocrx_word' id='word_1_257' title='bbox 1013 2560 1037 2596; x_wconf 89' lang='lat' dir='ltr'><strong>e.</strong></span> <span class='ocrx_word' id='word_1_258' title='bbox 1056 2544 1185 2597; x_wconf 78' lang='lat' dir='ltr'><strong>Decimae</strong></span> <span class='ocrx_word' id='word_1_259' title='bbox 1195 2544 1325 2596; x_wconf 75' lang='lat' dir='ltr'><strong>tractm</strong></span> <span class='ocrx_word' id='word_1_260' title='bbox 1334 2542 1405 2595; x_wconf 88' lang='lat' dir='ltr'><strong>illud</strong></span> 
     </span>
     <span class='ocr_line' id='line_1_26' title="bbox 186 2625 1407 2698; baseline -0.001 -18"><span class='ocrx_word' id='word_1_261' title='bbox 186 2628 388 2694; x_wconf 88' lang='lat' dir='ltr'><strong>dubiumquod</strong></span> <span class='ocrx_word' id='word_1_262' title='bbox 400 2633 498 2684; x_wconf 90' lang='lat' dir='ltr'><strong>mouet</strong></span> <span class='ocrx_word' id='word_1_263' title='bbox 517 2631 679 2683; x_wconf 87' lang='lat' dir='ltr'><strong>Bernardus</strong></span> <span class='ocrx_word' id='word_1_264' title='bbox 699 2631 729 2683; x_wconf 95' lang='lat' dir='ltr'><strong>in</strong></span> <span class='ocrx_word' id='word_1_265' title='bbox 748 2629 831 2698; x_wconf 84' lang='lat' dir='ltr'><strong>glosa</strong></span> <span class='ocrx_word' id='word_1_266' title='bbox 845 2643 932 2696; x_wconf 88' lang='lat' dir='ltr'><strong>super</strong></span> <span class='ocrx_word' id='word_1_267' title='bbox 947 2643 974 2682; x_wconf 81' lang='lat' dir='ltr'><strong>c.</strong></span> <span class='ocrx_word' id='word_1_268' title='bbox 991 2641 1073 2697; x_wconf 78' lang='lat' dir='ltr'><strong>quem</strong></span> <span class='ocrx_word' id='word_1_269' title='bbox 1095 2629 1114 2679; x_wconf 87' lang='lat' dir='ltr'><strong>i.</strong></span> <span class='ocrx_word' id='word_1_270' title='bbox 1136 2628 1226 2679; x_wconf 73' lang='lat' dir='ltr'><strong>extre</strong></span> <span class='ocrx_word' id='word_1_271' title='bbox 1247 2626 1284 2678; x_wconf 89' lang='lat' dir='ltr'><strong>do</strong></span> <span class='ocrx_word' id='word_1_272' title='bbox 1299 2625 1362 2678; x_wconf 83' lang='lat' dir='ltr'><strong>vita</strong></span> <span class='ocrx_word' id='word_1_273' title='bbox 1376 2627 1407 2679; x_wconf 82' lang='lat' dir='ltr'><strong>et</strong></span> 
     </span>
     <span class='ocr_line' id='line_1_27' title="bbox 185 2707 1405 2777; baseline -0.002 -15"><span class='ocrx_word' id='word_1_274' title='bbox 185 2709 332 2764; x_wconf 85' lang='lat' dir='ltr'><strong>honestate</strong></span> <span class='ocrx_word' id='word_1_275' title='bbox 353 2712 532 2776; x_wconf 89' lang='lat' dir='ltr'><strong>clericorum,</strong></span> <span class='ocrx_word' id='word_1_276' title='bbox 550 2714 686 2777; x_wconf 89' lang='lat' dir='ltr'><strong>numquid</strong></span> <span class='ocrx_word' id='word_1_277' title='bbox 708 2712 808 2765; x_wconf 88' lang='lat' dir='ltr'><strong>elerici</strong></span> <span class='ocrx_word' id='word_1_278' title='bbox 824 2713 1013 2765; x_wconf 88' lang='lat' dir='ltr'><strong>communiter</strong></span> <span class='ocrx_word' id='word_1_279' title='bbox 1029 2711 1157 2763; x_wconf 74' lang='lat' dir='ltr'><strong>sinentes</strong></span> <span class='ocrx_word' id='word_1_280' title='bbox 1168 2708 1276 2760; x_wconf 87' lang='lat' dir='ltr'><strong>habent</strong></span> <span class='ocrx_word' id='word_1_281' title='bbox 1286 2707 1405 2772; x_wconf 84' lang='lat' dir='ltr'><strong>priuile-</strong></span> 
     </span>
     <span class='ocr_line' id='line_1_28' title="bbox 184 2788 1403 2862; baseline -0.004 -17"><span class='ocrx_word' id='word_1_282' title='bbox 184 2794 264 2860; x_wconf 87' lang='lat' dir='ltr'><strong>gium</strong></span> <span class='ocrx_word' id='word_1_283' title='bbox 281 2795 357 2859; x_wconf 91' lang='lat' dir='ltr'><strong>quod</strong></span> <span class='ocrx_word' id='word_1_284' title='bbox 377 2797 485 2862; x_wconf 85' lang='lat' dir='ltr'><strong>possint</strong></span> <span class='ocrx_word' id='word_1_285' title='bbox 501 2797 537 2848; x_wconf 85' lang='lat' dir='ltr'><strong>sb</strong></span> <span class='ocrx_word' id='word_1_286' title='bbox 553 2797 685 2862; x_wconf 88' lang='lat' dir='ltr'><strong>episcopo</strong></span> <span class='ocrx_word' id='word_1_287' title='bbox 706 2795 816 2848; x_wconf 87' lang='lat' dir='ltr'><strong>absolui</strong></span> <span class='ocrx_word' id='word_1_288' title='bbox 836 2808 922 2861; x_wconf 87' lang='lat' dir='ltr'><strong>super</strong></span> <span class='ocrx_word' id='word_1_289' title='bbox 938 2794 1091 2847; x_wconf 89' lang='lat' dir='ltr'><strong>iniectione</strong></span> <span class='ocrx_word' id='word_1_290' title='bbox 1110 2803 1246 2844; x_wconf 89' lang='lat' dir='ltr'><strong>manuum</strong></span> <span class='ocrx_word' id='word_1_291' title='bbox 1266 2788 1403 2851; x_wconf 86' lang='lat' dir='ltr'><strong>inuicem,</strong></span> 
     </span>
     <span class='ocr_line' id='line_1_29' title="bbox 184 2871 1405 2943; baseline -0.005 -17"><span class='ocrx_word' id='word_1_292' title='bbox 184 2874 335 2943; x_wconf 78' lang='lat' dir='ltr'><strong>distinguit</strong></span> <span class='ocrx_word' id='word_1_293' title='bbox 345 2877 380 2930; x_wconf 89' lang='lat' dir='ltr'><strong>de</strong></span> <span class='ocrx_word' id='word_1_294' title='bbox 401 2877 513 2931; x_wconf 86' lang='lat' dir='ltr'><strong>clericis</strong></span> <span class='ocrx_word' id='word_1_295' title='bbox 525 2880 714 2932; x_wconf 90' lang='lat' dir='ltr'><strong>communiter</strong></span> <span class='ocrx_word' id='word_1_296' title='bbox 734 2879 895 2931; x_wconf 72' lang='lat' dir='ltr'><strong>sinentibus</strong></span> <span class='ocrx_word' id='word_1_297' title='bbox 913 2892 969 2930; x_wconf 93' lang='lat' dir='ltr'><strong>non</strong></span> <span class='ocrx_word' id='word_1_298' title='bbox 986 2890 1039 2943; x_wconf 88' lang='lat' dir='ltr'><strong>per</strong></span> <span class='ocrx_word' id='word_1_299' title='bbox 1053 2875 1168 2927; x_wconf 91' lang='lat' dir='ltr'><strong>modum</strong></span> <span class='ocrx_word' id='word_1_300' title='bbox 1178 2871 1339 2925; x_wconf 86' lang='lat' dir='ltr'><strong>conuentus</strong></span> <span class='ocrx_word' id='word_1_301' title='bbox 1355 2872 1405 2922; x_wconf 84' lang='lat' dir='ltr'><strong>nut</strong></span> 
     </span>
     <span class='ocr_line' id='line_1_30' title="bbox 184 2951 1404 3028; baseline -0.003 -20"><span class='ocrx_word' id='word_1_302' title='bbox 184 2956 310 3025; x_wconf 84' lang='lat' dir='ltr'><strong>colleglj,</strong></span> <span class='ocrx_word' id='word_1_303' title='bbox 320 2962 351 3011; x_wconf 92' lang='lat' dir='ltr'><strong>ut</strong></span> <span class='ocrx_word' id='word_1_304' title='bbox 363 2961 403 3012; x_wconf 90' lang='lat' dir='ltr'><strong>sic</strong></span> <span class='ocrx_word' id='word_1_305' title='bbox 414 2962 564 3014; x_wconf 85' lang='lat' dir='ltr'><strong>veritatem</strong></span> <span class='ocrx_word' id='word_1_306' title='bbox 573 2961 678 3013; x_wconf 87' lang='lat' dir='ltr'><strong>habeat</strong></span> <span class='ocrx_word' id='word_1_307' title='bbox 685 2962 782 3028; x_wconf 89' lang='lat' dir='ltr'><strong>opinio</strong></span> <span class='ocrx_word' id='word_1_308' title='bbox 794 2961 946 3012; x_wconf 90' lang='lat' dir='ltr'><strong>contraria.</strong></span> <span class='ocrx_word' id='word_1_309' title='bbox 960 2960 996 3012; x_wconf 85' lang='lat' dir='ltr'><strong>Et</strong></span> <span class='ocrx_word' id='word_1_310' title='bbox 1007 2960 1048 3010; x_wconf 84' lang='lat' dir='ltr'><strong>sic</strong></span> <span class='ocrx_word' id='word_1_311' title='bbox 1063 2958 1133 3010; x_wconf 86' lang='lat' dir='ltr'><strong>iacit</strong></span> <span class='ocrx_word' id='word_1_312' title='bbox 1143 2969 1207 3009; x_wconf 89' lang='lat' dir='ltr'><strong>eam</strong></span> <span class='ocrx_word' id='word_1_313' title='bbox 1218 2955 1291 3007; x_wconf 89' lang='lat' dir='ltr'><strong>bene</strong></span> <span class='ocrx_word' id='word_1_314' title='bbox 1299 2954 1339 3005; x_wconf 84' lang='lat' dir='ltr'><strong>ad</strong></span> <span class='ocrx_word' id='word_1_315' title='bbox 1349 2951 1404 3004; x_wconf 87' lang='lat' dir='ltr'><strong>hoo</strong></span> 
     </span>
     <span class='ocr_line' id='line_1_31' title="bbox 182 3036 1403 3109; baseline -0.002 -19"><span class='ocrx_word' id='word_1_316' title='bbox 182 3036 233 3090; x_wconf 86' lang='lat' dir='ltr'><strong>illa</strong></span> <span class='ocrx_word' id='word_1_317' title='bbox 250 3042 440 3109; x_wconf 77' lang='lat' dir='ltr'><strong>extruuagans</strong></span> <span class='ocrx_word' id='word_1_318' title='bbox 460 3043 545 3097; x_wconf 79' lang='lat' dir='ltr'><strong>Recto</strong></span> <span class='ocrx_word' id='word_1_319' title='bbox 560 3045 647 3106; x_wconf 83' lang='lat' dir='ltr'><strong>rocio,</strong></span> <span class='ocrx_word' id='word_1_320' title='bbox 660 3057 715 3108; x_wconf 91' lang='lat' dir='ltr'><strong>que</strong></span> <span class='ocrx_word' id='word_1_321' title='bbox 729 3044 858 3095; x_wconf 87' lang='lat' dir='ltr'><strong>concedit</strong></span> <span class='ocrx_word' id='word_1_322' title='bbox 868 3041 927 3094; x_wconf 87' lang='lat' dir='ltr'><strong>illis</strong></span> <span class='ocrx_word' id='word_1_323' title='bbox 939 3041 1076 3107; x_wconf 88' lang='lat' dir='ltr'><strong>Beghinis</strong></span> <span class='ocrx_word' id='word_1_324' title='bbox 1087 3037 1171 3090; x_wconf 88' lang='lat' dir='ltr'><strong>simul</strong></span> <span class='ocrx_word' id='word_1_325' title='bbox 1183 3038 1292 3100; x_wconf 80' lang='lat' dir='ltr'><strong>viuere,</strong></span> <span class='ocrx_word' id='word_1_326' title='bbox 1303 3039 1336 3089; x_wconf 87' lang='lat' dir='ltr'><strong>et</strong></span> <span class='ocrx_word' id='word_1_327' title='bbox 1346 3050 1403 3088; x_wconf 92' lang='lat' dir='ltr'><strong>non</strong></span> 
     </span>
     <span class='ocr_line' id='line_1_32' title="bbox 183 3118 1402 3193; baseline -0.002 -21"><span class='ocrx_word' id='word_1_328' title='bbox 183 3122 260 3173; x_wconf 87' lang='lat' dir='ltr'><strong>enim</strong></span> <span class='ocrx_word' id='word_1_329' title='bbox 277 3124 370 3188; x_wconf 86' lang='lat' dir='ltr'><strong>potest</strong></span> <span class='ocrx_word' id='word_1_330' title='bbox 381 3125 506 3193; x_wconf 87' lang='lat' dir='ltr'><strong>intelligi</strong></span> <span class='ocrx_word' id='word_1_331' title='bbox 517 3126 609 3187; x_wconf 88' lang='lat' dir='ltr'><strong>solum</strong></span> <span class='ocrx_word' id='word_1_332' title='bbox 621 3128 655 3179; x_wconf 90' lang='lat' dir='ltr'><strong>do</strong></span> <span class='ocrx_word' id='word_1_333' title='bbox 668 3126 813 3178; x_wconf 71' lang='lat' dir='ltr'><strong>simultate</strong></span> <span class='ocrx_word' id='word_1_334' title='bbox 830 3123 926 3188; x_wconf 89' lang='lat' dir='ltr'><strong>locali,</strong></span> <span class='ocrx_word' id='word_1_335' title='bbox 938 3125 1006 3190; x_wconf 91' lang='lat' dir='ltr'><strong>quia</strong></span> <span class='ocrx_word' id='word_1_336' title='bbox 1022 3122 1073 3175; x_wconf 86' lang='lat' dir='ltr'><strong>illa</strong></span> <span class='ocrx_word' id='word_1_337' title='bbox 1088 3123 1163 3174; x_wconf 88' lang='lat' dir='ltr'><strong>esset</strong></span> <span class='ocrx_word' id='word_1_338' title='bbox 1180 3120 1266 3171; x_wconf 88' lang='lat' dir='ltr'><strong>nimis</strong></span> <span class='ocrx_word' id='word_1_339' title='bbox 1276 3118 1402 3185; x_wconf 82' lang='lat' dir='ltr'><strong>calump</strong></span> 
     </span>
     <span class='ocr_line' id='line_1_33' title="bbox 185 3200 1404 3274; baseline -0.003 -18"><span class='ocrx_word' id='word_1_340' title='bbox 185 3206 265 3257; x_wconf 87' lang='lat' dir='ltr'><strong>niosa</strong></span> <span class='ocrx_word' id='word_1_341' title='bbox 275 3207 305 3256; x_wconf 86' lang='lat' dir='ltr'><strong>et</strong></span> <span class='ocrx_word' id='word_1_342' title='bbox 316 3221 413 3261; x_wconf 81' lang='lat' dir='ltr'><strong>amera</strong></span> <span class='ocrx_word' id='word_1_343' title='bbox 424 3209 636 3274; x_wconf 84' lang='lat' dir='ltr'><strong>interpretacio,</strong></span> <span class='ocrx_word' id='word_1_344' title='bbox 649 3210 716 3274; x_wconf 87' lang='lat' dir='ltr'><strong>qnia</strong></span> <span class='ocrx_word' id='word_1_345' title='bbox 734 3222 786 3261; x_wconf 87' lang='lat' dir='ltr'><strong>nec</strong></span> <span class='ocrx_word' id='word_1_346' title='bbox 797 3209 888 3260; x_wconf 88' lang='lat' dir='ltr'><strong>eciam</strong></span> <span class='ocrx_word' id='word_1_347' title='bbox 898 3206 1017 3258; x_wconf 87' lang='lat' dir='ltr'><strong>ribaldis</strong></span> <span class='ocrx_word' id='word_1_348' title='bbox 1027 3207 1122 3271; x_wconf 85' lang='lat' dir='ltr'><strong>posset</strong></span> <span class='ocrx_word' id='word_1_349' title='bbox 1138 3202 1193 3254; x_wconf 91' lang='lat' dir='ltr'><strong>hoc</strong></span> <span class='ocrx_word' id='word_1_350' title='bbox 1203 3202 1296 3254; x_wconf 86' lang='lat' dir='ltr'><strong>eciam</strong></span> <span class='ocrx_word' id='word_1_351' title='bbox 1306 3200 1404 3266; x_wconf 81' lang='lat' dir='ltr'><strong>prohi-</strong></span> 
     </span>
     <span class='ocr_line' id='line_1_34' title="bbox 185 3285 1405 3359; baseline -0.005 -17"><span class='ocrx_word' id='word_1_352' title='bbox 185 3290 257 3353; x_wconf 86' lang='lat' dir='ltr'><strong>beri,</strong></span> <span class='ocrx_word' id='word_1_353' title='bbox 275 3293 304 3344; x_wconf 91' lang='lat' dir='ltr'><strong>et</strong></span> <span class='ocrx_word' id='word_1_354' title='bbox 319 3305 390 3359; x_wconf 88' lang='lat' dir='ltr'><strong>ergo</strong></span> <span class='ocrx_word' id='word_1_355' title='bbox 402 3290 582 3359; x_wconf 83' lang='lat' dir='ltr'><strong>intelligatur</strong></span> <span class='ocrx_word' id='word_1_356' title='bbox 598 3293 633 3345; x_wconf 94' lang='lat' dir='ltr'><strong>de</strong></span> <span class='ocrx_word' id='word_1_357' title='bbox 648 3290 792 3344; x_wconf 88' lang='lat' dir='ltr'><strong>simultate</strong></span> <span class='ocrx_word' id='word_1_358' title='bbox 808 3291 923 3343; x_wconf 89' lang='lat' dir='ltr'><strong>viuendi</strong></span> <span class='ocrx_word' id='word_1_359' title='bbox 940 3290 1077 3355; x_wconf 87' lang='lat' dir='ltr'><strong>predicta,</strong></span> <span class='ocrx_word' id='word_1_360' title='bbox 1095 3286 1204 3339; x_wconf 86' lang='lat' dir='ltr'><strong>seilicet</strong></span> <span class='ocrx_word' id='word_1_361' title='bbox 1223 3285 1254 3336; x_wconf 91' lang='lat' dir='ltr'><strong>in</strong></span> <span class='ocrx_word' id='word_1_362' title='bbox 1265 3285 1405 3337; x_wconf 72' lang='lat' dir='ltr'><strong>societate</strong></span> 
     </span>
     <span class='ocr_line' id='line_1_35' title="bbox 186 3367 1405 3440; baseline -0.005 -15"><span class='ocrx_word' id='word_1_363' title='bbox 186 3375 216 3425; x_wconf 89' lang='lat' dir='ltr'><strong>et</strong></span> <span class='ocrx_word' id='word_1_364' title='bbox 242 3375 444 3427; x_wconf 85' lang='lat' dir='ltr'><strong>communitate</strong></span> <span class='ocrx_word' id='word_1_365' title='bbox 467 3376 626 3437; x_wconf 87' lang='lat' dir='ltr'><strong>caritatiua,</strong></span> <span class='ocrx_word' id='word_1_366' title='bbox 644 3388 699 3440; x_wconf 91' lang='lat' dir='ltr'><strong>que</strong></span> <span class='ocrx_word' id='word_1_367' title='bbox 720 3389 776 3427; x_wconf 91' lang='lat' dir='ltr'><strong>non</strong></span> <span class='ocrx_word' id='word_1_368' title='bbox 798 3374 893 3439; x_wconf 87' lang='lat' dir='ltr'><strong>querit</strong></span> <span class='ocrx_word' id='word_1_369' title='bbox 909 3385 964 3437; x_wconf 91' lang='lat' dir='ltr'><strong>que</strong></span> <span class='ocrx_word' id='word_1_370' title='bbox 986 3385 1038 3423; x_wconf 85' lang='lat' dir='ltr'><strong>sus</strong></span> <span class='ocrx_word' id='word_1_371' title='bbox 1059 3371 1134 3432; x_wconf 87' lang='lat' dir='ltr'><strong>suni,</strong></span> <span class='ocrx_word' id='word_1_372' title='bbox 1162 3369 1212 3421; x_wconf 88' lang='lat' dir='ltr'><strong>sed</strong></span> <span class='ocrx_word' id='word_1_373' title='bbox 1238 3367 1405 3420; x_wconf 82' lang='lat' dir='ltr'><strong>eommunia</strong></span> 
     </span>
     <span class='ocr_line' id='line_1_36' title="bbox 186 3451 1406 3524; baseline -0.002 -19"><span class='ocrx_word' id='word_1_374' title='bbox 186 3456 309 3520; x_wconf 73' lang='lat' dir='ltr'><strong>propriis</strong></span> <span class='ocrx_word' id='word_1_375' title='bbox 326 3458 483 3524; x_wconf 84' lang='lat' dir='ltr'><strong>anteponit,</strong></span> <span class='ocrx_word' id='word_1_376' title='bbox 501 3458 535 3510; x_wconf 88' lang='lat' dir='ltr'><strong>de</strong></span> <span class='ocrx_word' id='word_1_377' title='bbox 547 3472 603 3523; x_wconf 93' lang='lat' dir='ltr'><strong>qua</strong></span> <span class='ocrx_word' id='word_1_378' title='bbox 613 3459 749 3510; x_wconf 85' lang='lat' dir='ltr'><strong>societate</strong></span> <span class='ocrx_word' id='word_1_379' title='bbox 765 3457 871 3509; x_wconf 88' lang='lat' dir='ltr'><strong>dicitur</strong></span> <span class='ocrx_word' id='word_1_380' title='bbox 882 3456 910 3507; x_wconf 91' lang='lat' dir='ltr'><strong>in</strong></span> <span class='ocrx_word' id='word_1_381' title='bbox 919 3453 1027 3522; x_wconf 86' lang='lat' dir='ltr'><strong>psalmo</strong></span> <span class='ocrx_word' id='word_1_382' title='bbox 1041 3469 1047 3504; x_wconf 78' lang='grc' dir='ltr'>ε</span> <span class='ocrx_word' id='word_1_383' title='bbox 1061 3453 1135 3505; x_wconf 85' lang='lat' dir='ltr'><strong>Ecce</strong></span> <span class='ocrx_word' id='word_1_384' title='bbox 1146 3464 1230 3516; x_wconf 89' lang='lat' dir='ltr'><strong>quam</strong></span> <span class='ocrx_word' id='word_1_385' title='bbox 1246 3451 1357 3503; x_wconf 88' lang='lat' dir='ltr'><strong>bonum</strong></span> <span class='ocrx_word' id='word_1_386' title='bbox 1374 3452 1406 3503; x_wconf 79' lang='lat' dir='ltr'><strong>et</strong></span> 
     </span>
     <span class='ocr_line' id='line_1_37' title="bbox 188 3534 1404 3606; baseline -0.002 -18"><span class='ocrx_word' id='word_1_387' title='bbox 188 3550 273 3601; x_wconf 82' lang='lat' dir='ltr'><strong>quam</strong></span> <span class='ocrx_word' id='word_1_388' title='bbox 284 3538 446 3606; x_wconf 86' lang='lat' dir='ltr'><strong>iocundum,</strong></span> <span class='ocrx_word' id='word_1_389' title='bbox 459 3544 513 3594; x_wconf 87' lang='lat' dir='ltr'><strong>eto.</strong></span> <span class='ocrx_word' id='word_1_390' title='bbox 526 3543 599 3595; x_wconf 87' lang='lat' dir='ltr'><strong>Item</strong></span> <span class='ocrx_word' id='word_1_391' title='bbox 616 3541 723 3594; x_wconf 85' lang='lat' dir='ltr'><strong>Methei</strong></span> <span class='ocrx_word' id='word_1_392' title='bbox 734 3541 832 3604; x_wconf 69' lang='lat' dir='ltr'><strong>xviijez</strong></span> <span class='ocrx_word' id='word_1_393' title='bbox 845 3539 897 3591; x_wconf 91' lang='lat' dir='ltr'><strong>Ubi</strong></span> <span class='ocrx_word' id='word_1_394' title='bbox 910 3539 965 3591; x_wconf 88' lang='lat' dir='ltr'><strong>dno</strong></span> <span class='ocrx_word' id='word_1_395' title='bbox 977 3536 1022 3589; x_wconf 79' lang='lat' dir='ltr'><strong>rel</strong></span> <span class='ocrx_word' id='word_1_396' title='bbox 1034 3539 1093 3588; x_wconf 78' lang='lat' dir='ltr'><strong>tres</strong></span> <span class='ocrx_word' id='word_1_397' title='bbox 1109 3538 1175 3588; x_wconf 84' lang='lat' dir='ltr'><strong>sunt</strong></span> <span class='ocrx_word' id='word_1_398' title='bbox 1190 3534 1404 3600; x_wconf 64' lang='lat' dir='ltr'><strong>congregatim</strong></span> 
     </span>
     <span class='ocr_line' id='line_1_38' title="bbox 188 3616 1405 3688; baseline -0.002 -17"><span class='ocrx_word' id='word_1_399' title='bbox 188 3622 303 3673; x_wconf 90' lang='lat' dir='ltr'><strong>nomine</strong></span> <span class='ocrx_word' id='word_1_400' title='bbox 314 3635 389 3686; x_wconf 91' lang='lat' dir='ltr'><strong>meo,</strong></span> <span class='ocrx_word' id='word_1_401' title='bbox 401 3626 456 3675; x_wconf 82' lang='lat' dir='ltr'><strong>etc.</strong></span> <span class='ocrx_word' id='word_1_402' title='bbox 469 3624 542 3676; x_wconf 89' lang='lat' dir='ltr'><strong>Item</strong></span> <span class='ocrx_word' id='word_1_403' title='bbox 553 3623 662 3676; x_wconf 73' lang='lat' dir='ltr'><strong>Eoeles,</strong></span> <span class='ocrx_word' id='word_1_404' title='bbox 675 3624 731 3688; x_wconf 82' lang='lat' dir='ltr'><strong>iilj⁰</strong></span> <span class='ocrx_word' id='word_1_405' title='bbox 743 3638 750 3672; x_wconf 76' lang='lat' dir='ltr'><em>z</em></span> <span class='ocrx_word' id='word_1_406' title='bbox 768 3621 868 3674; x_wconf 78' lang='lat' dir='ltr'><strong>Melius</strong></span> <span class='ocrx_word' id='word_1_407' title='bbox 879 3623 923 3673; x_wconf 85' lang='lat' dir='ltr'><strong>est</strong></span> <span class='ocrx_word' id='word_1_408' title='bbox 933 3621 1004 3672; x_wconf 91' lang='lat' dir='ltr'><strong>duos</strong></span> <span class='ocrx_word' id='word_1_409' title='bbox 1015 3633 1077 3672; x_wconf 87' lang='lat' dir='ltr'><strong>esse</strong></span> <span class='ocrx_word' id='word_1_410' title='bbox 1093 3616 1178 3670; x_wconf 79' lang='lat' dir='ltr'><strong>simtss</strong></span> <span class='ocrx_word' id='word_1_411' title='bbox 1197 3629 1285 3682; x_wconf 83' lang='lat' dir='ltr'><strong>quam</strong></span> <span class='ocrx_word' id='word_1_412' title='bbox 1295 3629 1405 3683; x_wconf 80' lang='lat' dir='ltr'><strong>unum3</strong></span> 
     </span>
     <span class='ocr_line' id='line_1_39' title="bbox 187 3697 1405 3772; baseline -0.001 -18"><span class='ocrx_word' id='word_1_413' title='bbox 187 3705 216 3755; x_wconf 91' lang='lat' dir='ltr'><strong>et</strong></span> <span class='ocrx_word' id='word_1_414' title='bbox 226 3704 338 3757; x_wconf 82' lang='lat' dir='ltr'><strong>infinita</strong></span> <span class='ocrx_word' id='word_1_415' title='bbox 349 3704 418 3758; x_wconf 84' lang='lat' dir='ltr'><strong>talia</strong></span> <span class='ocrx_word' id='word_1_416' title='bbox 429 3709 545 3772; x_wconf 86' lang='lat' dir='ltr'><strong>possent</strong></span> <span class='ocrx_word' id='word_1_417' title='bbox 555 3705 674 3772; x_wconf 86' lang='lat' dir='ltr'><strong>allegari</strong></span> <span class='ocrx_word' id='word_1_418' title='bbox 685 3722 693 3771; x_wconf 83' lang='lat'>3</span> <span class='ocrx_word' id='word_1_419' title='bbox 711 3706 761 3759; x_wconf 90' lang='lat' dir='ltr'><strong>sed</strong></span> <span class='ocrx_word' id='word_1_420' title='bbox 777 3705 952 3770; x_wconf 76' lang='lat' dir='ltr'><strong>superfluum</strong></span> <span class='ocrx_word' id='word_1_421' title='bbox 960 3704 1060 3768; x_wconf 88' lang='lat' dir='ltr'><strong>reputo</strong></span> <span class='ocrx_word' id='word_1_422' title='bbox 1072 3703 1102 3753; x_wconf 93' lang='lat' dir='ltr'><strong>in</strong></span> <span class='ocrx_word' id='word_1_423' title='bbox 1113 3700 1167 3753; x_wconf 90' lang='lat' dir='ltr'><strong>hac</strong></span> <span class='ocrx_word' id='word_1_424' title='bbox 1176 3698 1299 3752; x_wconf 76' lang='lat' dir='ltr'><strong>materia</strong></span> <span class='ocrx_word' id='word_1_425' title='bbox 1314 3697 1405 3766; x_wconf 80' lang='lat' dir='ltr'><strong>pluri·</strong></span> 
     </span>
     <span class='ocr_line' id='line_1_40' title="bbox 181 3783 1404 3854; baseline -0.001 -18"><span class='ocrx_word' id='word_1_426' title='bbox 181 3799 259 3838; x_wconf 89' lang='lat' dir='ltr'><strong>mum</strong></span> <span class='ocrx_word' id='word_1_427' title='bbox 286 3785 424 3854; x_wconf 78' lang='lat' dir='ltr'><strong>allegare,</strong></span> <span class='ocrx_word' id='word_1_428' title='bbox 441 3802 506 3840; x_wconf 88' lang='lat' dir='ltr'><strong>eum</strong></span> <span class='ocrx_word' id='word_1_429' title='bbox 530 3790 570 3840; x_wconf 90' lang='lat' dir='ltr'><strong>sic</strong></span> <span class='ocrx_word' id='word_1_430' title='bbox 588 3788 716 3841; x_wconf 80' lang='lat' dir='ltr'><strong>Christus</strong></span> <span class='ocrx_word' id='word_1_431' title='bbox 737 3788 768 3839; x_wconf 91' lang='lat' dir='ltr'><strong>in</strong></span> <span class='ocrx_word' id='word_1_432' title='bbox 790 3788 937 3839; x_wconf 79' lang='lat' dir='ltr'><strong>suniario</strong></span> <span class='ocrx_word' id='word_1_433' title='bbox 955 3799 1008 3851; x_wconf 87' lang='lat' dir='ltr'><strong>per</strong></span> <span class='ocrx_word' id='word_1_434' title='bbox 1023 3798 1054 3837; x_wconf 92' lang='lat' dir='ltr'><strong>se</strong></span> <span class='ocrx_word' id='word_1_435' title='bbox 1075 3787 1105 3836; x_wconf 86' lang='lat' dir='ltr'><strong>et</strong></span> <span class='ocrx_word' id='word_1_436' title='bbox 1131 3784 1191 3835; x_wconf 85' lang='lat' dir='ltr'><strong>suis</strong></span> <span class='ocrx_word' id='word_1_437' title='bbox 1209 3783 1404 3836; x_wconf 62' lang='lat' dir='ltr'><strong>mammons</strong></span> 
     </span>
     <span class='ocr_line' id='line_1_41' title="bbox 189 3866 1176 3938; baseline -0.007 -15"><span class='ocrx_word' id='word_1_438' title='bbox 189 3870 383 3934; x_wconf 79' lang='lat' dir='ltr'><strong>auctorisavit,</strong></span> <span class='ocrx_word' id='word_1_439' title='bbox 395 3874 427 3922; x_wconf 83' lang='lat' dir='ltr'><strong>nt</strong></span> <span class='ocrx_word' id='word_1_440' title='bbox 438 3872 631 3938; x_wconf 85' lang='lat' dir='ltr'><strong>supradictum</strong></span> <span class='ocrx_word' id='word_1_441' title='bbox 641 3874 695 3924; x_wconf 90' lang='lat' dir='ltr'><strong>est.</strong></span> <span class='ocrx_word' id='word_1_442' title='bbox 704 3897 736 3908; x_wconf 93' lang='lat'>-</span> <span class='ocrx_word' id='word_1_443' title='bbox 749 3871 786 3923; x_wconf 87' lang='lat' dir='ltr'><strong>Et</strong></span> <span class='ocrx_word' id='word_1_444' title='bbox 793 3870 835 3922; x_wconf 86' lang='lat' dir='ltr'><strong>sic</strong></span> <span class='ocrx_word' id='word_1_445' title='bbox 844 3871 889 3922; x_wconf 82' lang='lat' dir='ltr'><strong>est</strong></span> <span class='ocrx_word' id='word_1_446' title='bbox 900 3869 965 3921; x_wconf 83' lang='lat' dir='ltr'><strong>linis</strong></span> <span class='ocrx_word' id='word_1_447' title='bbox 975 3869 1057 3919; x_wconf 86' lang='lat' dir='ltr'><strong>istius</strong></span> <span class='ocrx_word' id='word_1_448' title='bbox 1068 3866 1176 3931; x_wconf 69' lang='lat' dir='ltr'><strong>scripti.</strong></span> 
     </span>
    </p>
   </div>
   <div class='ocr_carea' id='block_1_3' title="bbox 443 3992 1402 4152">
    <p class='ocr_par' dir='ltr' id='par_1_3' title="bbox 443 3992 1402 4152">
     <span class='ocr_line' id='line_1_42' title="bbox 443 3992 1402 4064; baseline -0.007 -14"><span class='ocrx_word' id='word_1_449' title='bbox 443 3999 630 4064; x_wconf 79' lang='lat' dir='ltr'><strong>Koninklijlse</strong></span> <span class='ocrx_word' id='word_1_450' title='bbox 647 3998 830 4052; x_wconf 85' lang='lat' dir='ltr'><strong>Bibliotheeh</strong></span> <span class='ocrx_word' id='word_1_451' title='bbox 847 4001 876 4050; x_wconf 90' lang='lat' dir='ltr'><strong>te</strong></span> <span class='ocrx_word' id='word_1_452' title='bbox 892 3996 915 4048; x_wconf 88' lang='lat' dir='ltr'><strong>’s</strong></span> <span class='ocrx_word' id='word_1_453' title='bbox 931 3995 1126 4062; x_wconf 80' lang='lat' dir='ltr'><strong>Grarenhage,</strong></span> <span class='ocrx_word' id='word_1_454' title='bbox 1144 3992 1197 4048; x_wconf 85' lang='lat' dir='ltr'><strong>HS.</strong></span> <span class='ocrx_word' id='word_1_455' title='bbox 1209 3993 1247 4046; x_wconf 85' lang='lat' dir='ltr'><strong>X.</strong></span> <span class='ocrx_word' id='word_1_456' title='bbox 1266 3994 1315 4048; x_wconf 86' lang='lat'><strong>101</strong></span> <span class='ocrx_word' id='word_1_457' title='bbox 1335 3995 1402 4062; x_wconf 79' lang='lat' dir='ltr'><strong>(rh.</strong></span> 
     </span>
     <span class='ocr_line' id='line_1_43' title="bbox 477 4074 1324 4152; baseline -0.004 -18"><span class='ocrx_word' id='word_1_458' title='bbox 477 4081 553 4146; x_wconf 78' lang='lat'><strong>355):</strong></span> <span class='ocrx_word' id='word_1_459' title='bbox 572 4081 680 4152; x_wconf 76' lang='lat' dir='ltr'><strong>Scripta</strong></span> <span class='ocrx_word' id='word_1_460' title='bbox 688 4080 835 4134; x_wconf 73' lang='lat' dir='ltr'><strong>doctomn</strong></span> <span class='ocrx_word' id='word_1_461' title='bbox 846 4078 882 4133; x_wconf 78' lang='lat' dir='ltr'><strong>de</strong></span> <span class='ocrx_word' id='word_1_462' title='bbox 889 4076 1162 4148; x_wconf 55' lang='lat' dir='ltr'><strong>congressionibus,</strong></span> <span class='ocrx_word' id='word_1_463' title='bbox 1170 4076 1220 4129; x_wconf 85' lang='lat' dir='ltr'><strong>iol.</strong></span> <span class='ocrx_word' id='word_1_464' title='bbox 1231 4074 1324 4131; x_wconf 72' lang='lat' dir='ltr'><strong>eleo.</strong></span> 
     </span>
    </p>
   </div>
   <div class='ocr_carea' id='block_1_4' title="bbox 675 4296 902 4396">
    <p class='ocr_par' dir='ltr' id='par_1_4' title="bbox 675 4296 902 4396">
     <span class='ocr_line' id='line_1_44' title="bbox 675 4296 902 4396; baseline -0.018 -23"><span class='ocrx_word' id='word_1_465' title='bbox 675 4307 742 4375; x_wconf 78' lang='lat'><strong>112</strong></span> <span class='ocrx_word' id='word_1_466' title='bbox 772 4296 902 4396; x_wconf 75' lang='lat'><strong>(242⁶).</strong></span> 
     </span>
    </p>
   </div>
   <div class='ocr_carea' id='block_1_5' title="bbox 221 4507 1403 4603">
    <p class='ocr_par' dir='ltr' id='par_1_5' title="bbox 221 4507 1403 4603">
     <span class='ocr_line' id='line_1_45' title="bbox 221 4507 1403 4603; baseline -0.001 -23"><span class='ocrx_word' id='word_1_467' title='bbox 221 4518 313 4598; x_wconf 80' lang='lat'><strong>1397,</strong></span> <span class='ocrx_word' id='word_1_468' title='bbox 333 4513 517 4586; x_wconf 67' lang='lat' dir='ltr'><strong>emto</strong></span> <span class='ocrx_word' id='word_1_469' title='bbox 529 4519 584 4597; x_wconf 73' lang='lat'><strong>24,</strong></span> <span class='ocrx_word' id='word_1_470' title='bbox 602 4512 869 4603; x_wconf 57' lang='grc' dir='ltr'><strong>(Μίκρου).</strong></span> <span class='ocrx_word' id='word_1_471' title='bbox 883 4510 1027 4598; x_wconf 85' lang='lat' dir='ltr'><strong>Gnnstig</strong></span> <span class='ocrx_word' id='word_1_472' title='bbox 1038 4508 1167 4579; x_wconf 86' lang='lat' dir='ltr'><strong>oordeol</strong></span> <span class='ocrx_word' id='word_1_473' title='bbox 1182 4526 1249 4575; x_wconf 80' lang='lat' dir='ltr'><strong>ran</strong></span> <span class='ocrx_word' id='word_1_474' title='bbox 1267 4507 1403 4579; x_wconf 78' lang='lat' dir='ltr'><strong>Arnold</strong></span> 
     </span>
    </p>
   </div>
   <div class='ocr_carea' id='block_1_6' title="bbox 0 0 1598 5340">
    <p class='ocr_par' dir='ltr' id='par_1_6' title="bbox 0 0 1598 5340">
     <span class='ocr_line' id='line_1_46' title="bbox 0 0 1598 5340; baseline 0 6"><span class='ocrx_word' id='word_1_475' title='bbox 0 0 1598 5340; x_wconf 95' lang='lat' dir='ltr'><strong> </strong></span> 
     </span>
    </p>
   </div>
  </div>
 </body>
</html>
