3188 5340
534 497 639 555 nitito
656 498 798 552 tutelast
1235 502 1285 558 ιω

52 667 130 719 tium
148 667 180 719 et
198 666 298 719 modus
317 663 504 732 penitentiam
520 665 643 718 faciendi
660 666 794 733 populum
809 665 975 720 universum
996 666 1026 719 in
1043 666 1195 719 maalmam
1210 667 1282 719 sedi·

53 750 166 802 hohern
188 750 416 813 commoverunt3
443 761 508 801 nam
535 748 624 813 aliqui
653 749 840 811 sustinebant,
870 749 946 815 quod
970 749 1076 801 tactum
1097 761 1197 801 eorum
1225 764 1281 801 non

54 833 134 885 esset
144 831 369 899 approbandum,
378 831 446 897 quia
456 845 512 884 non
522 834 585 884 erat
595 846 613 884 a
623 833 703 884 curia
715 832 845 885 Romana
858 833 1053 897 approbatum.
1071 830 1109 884 ut
1125 831 1212 884 etiam
1230 845 1282 884 rex

55 913 178 967 Francia
197 914 269 966 tecit
287 912 400 980 publice
410 911 589 980 proclamare
600 915 705 980 ubique
720 915 750 966 in
761 915 821 966 suis
835 913 967 975 ballistis,
981 914 1056 980 quod
1072 912 1168 966 nullus
1180 911 1281 965 talium

55 998 248 1063 reciperetur.

89 1079 195 1134 Audivi
217 1079 305 1131 etiam
326 1092 345 1131 a
368 1079 488 1144 quadam
504 1091 626 1145 persona
648 1079 802 1141 autentica,
829 1079 905 1145 quod
925 1080 988 1144 ipse
1015 1078 1126 1130 viderat
1141 1078 1282 1130 Aviuione

56 1164 114 1214 duo
131 1161 225 1214 millia
241 1161 343 1214 talium
359 1162 557 1227 penitentium,
570 1162 618 1226 qui
639 1165 722 1213 erant
739 1163 775 1213 de
791 1161 970 1223 Alamannia,
988 1163 1018 1214 et
1027 1160 1160 1214 volebant
1177 1161 1282 1212 tactuum

56 1258 141 1296 suum
152 1247 181 1297 et
193 1243 316 1296 aliorum
326 1257 378 1309 per
388 1257 490 1310 papam
508 1248 537 1295 et
547 1245 656 1297 curiam
666 1245 827 1310 approbari.
842 1244 964 1309 Fuitque
976 1243 1060 1296 eisin
1072 1255 1189 1310 vespere
1206 1256 1281 1294 nuu-

54 1328 169 1388 tiatum,
181 1327 257 1391 quod
274 1326 449 1387 recederent,
467 1325 594 1391 alioquin
610 1327 762 1392 dampnum
774 1327 954 1379 incurrerent
965 1327 994 1379 et
1002 1325 1150 1390 haberent,
1163 1327 1193 1378 et
1202 1324 1243 1376 sic
1251 1324 1281 1376 in

56 1410 103 1462 die
115 1409 251 1470 mutina,
261 1409 290 1460 et
301 1408 366 1473 post
381 1406 477 1459 nullus
497 1421 595 1460 eorum
607 1407 774 1473 comparuit.

89 1493 218 1557 Propter
228 1491 357 1556 predicta
367 1491 396 1542 et
407 1489 465 1542 alia
482 1503 537 1555 que
560 1491 685 1542 dictabat
704 1492 787 1553 ratio,
808 1490 861 1542 riri
879 1490 1064 1542 ecclesiastici
1081 1490 1111 1542 et
1134 1488 1283 1556 regulares

56 1589 90 1627 ac
110 1574 244 1626 homines
265 1586 334 1625 sane
354 1573 458 1625 mentis
477 1574 507 1624 et
523 1573 610 1638 periti
627 1575 708 1638 Juxta
736 1574 820 1625 tidem
846 1572 1016 1625 catholicam
1041 1572 1231 1638 opinabantur
1253 1575 1284 1622 et

55 1656 203 1719 tenebant,
229 1668 336 1720 proco
359 1655 434 1720 quod
454 1654 576 1707 ecclesia
606 1670 662 1707 ncn
687 1656 871 1707 consenserat
893 1656 922 1707 et
941 1641 1062 1707 canones
1082 1653 1283 1719 prohibebant,

56 1741 164 1792 tactum
181 1751 238 1790 non
249 1740 312 1790 erat
323 1737 545 1803 approbandum.
567 1737 693 1802 Populus
713 1740 817 1799 autem,
840 1738 893 1789 viri
910 1739 940 1791 et
957 1736 1103 1798 mulieres,
1122 1736 1282 1801 Scripturas

56 1820 233 1888 ignorantes,
243 1816 354 1870 nobiles
365 1820 395 1870 et
404 1816 555 1884 ignobiles,
567 1821 673 1870 tactum
691 1818 767 1870 ultra
777 1819 891 1870 modum
903 1817 1106 1885 approbabant,
1116 1817 1239 1870 maxime
1250 1818 1281 1868 in

57 1901 226 1969 regionibus
246 1899 404 1952 antedictis.
429 1899 466 1951 Et
486 1899 527 1951 sic
546 1901 609 1952 erat
627 1900 764 1951 discussio
785 1899 924 1952 mirabilis
942 1902 971 1950 et
990 1900 1093 1961 inanis,
1114 1899 1144 1951 et
1160 1898 1283 1951 maxime

57 1981 181 2049 populus
189 1981 338 2033 universus
347 1994 433 2047 super
441 1981 554 2033 ordines
562 1982 755 2034 mendicantes
766 1984 900 2047 precipue
911 1982 1083 2048 imponebat,
1089 1981 1164 2045 quod
1173 1994 1226 2046 per
1233 1994 1283 2033 eos

58 2064 295 2131 impedimentum
306 2064 397 2115 totum
407 2065 476 2115 erat.
486 2063 522 2115 Et
530 2065 594 2129 quis
603 2064 713 2116 dubitet
723 2063 819 2131 [istud]
830 2077 891 2116 esse
902 2065 988 2115 ritum
1000 2076 1112 2125 nomm,
1125 2064 1193 2128 quia
1204 2063 1283 2128 peni·

58 2149 178 2201 testim
191 2159 271 2198 suam
283 2146 313 2198 in
324 2145 463 2211 ecclesiis,
472 2147 503 2198 in
511 2147 691 2198 monasteriis
703 2149 733 2198 et
740 2146 811 2198 locis
820 2145 1019 2199 ecclesiasticis
1030 2145 1182 2210 iaciebant,
1189 2147 1239 2198 ubi
1248 2145 1284 2197 de

57 2231 121 2297 ime
131 2229 291 2296 approbato
301 2243 357 2280 non
367 2229 452 2282 debet
461 2229 524 2280 fleri
534 2242 646 2295 quoquo
656 2229 739 2280 modo
748 2229 894 2295 sanguinis
903 2228 1004 2281 emisio
1013 2227 1146 2280 violenta.
1152 2226 1189 2280 Et
1197 2228 1284 2281 etiam

59 2310 175 2377 quaudo
189 2310 276 2362 debat
295 2310 422 2362 divinum
442 2310 576 2372 cilicium,
587 2308 627 2378 [et
643 2310 754 2376 private
772 2311 858 2362 misse
869 2310 1036 2363 dicebantur
1048 2310 1077 2360 in
1092 2308 1230 2373 ecclesiis,
1248 2311 1284 2363 de

59 2394 112 2446 hcc
124 2405 185 2445 non
196 2393 335 2445 curabant
347 2405 400 2444 nee
412 2393 499 2444 ritum
516 2393 700 2445 suumiacere
718 2393 895 2454 omittebant,
908 2395 937 2444 et
948 2405 1126 2458 magnapam
1137 2391 1215 2458 vulgi
1226 2394 1281 2444 tac

59 2481 119 2530 tum
128 2475 232 2528 talium
243 2473 403 2540 plusquam
415 2475 541 2526 divium
554 2474 688 2541 officium]
701 2475 904 2540 approbabant,
914 2476 1078 2540 reputantes
1087 2474 1281 2539 approbabile,

60 2562 127 2626 quia
139 2574 195 2627 per
206 2574 306 2613 eornm
318 2562 470 2614 adventum
484 2561 538 2613 tuit
549 2563 629 2613 tanta
639 2562 758 2613 mutatio
768 2560 835 2612 mali
845 2562 874 2612 in
886 2562 1001 2625 bonum,
1013 2560 1087 2612 sicut
1103 2561 1233 2625 superius
1242 2561 1286 2613 est

59 2657 238 2710 expressum,
246 2644 323 2709 quod
337 2646 454 2710 propter
463 2644 517 2695 hoc
527 2643 656 2696 homines
664 2644 880 2705 ecclesiasticos,
890 2645 939 2710 qui
949 2644 1110 2709 opinionem
1121 2656 1201 2695 suam
1209 2645 1285 2697 tene

58 2727 136 2786 bant,
148 2726 297 2792 sepissime
313 2726 489 2779 deridebant.
504 2727 625 2792 Fuitque
636 2729 716 2778 tanta
727 2728 822 2793 opinio
831 2726 920 2794 vulgi,
933 2726 1008 2791 quod
1019 2727 1049 2778 in
1069 2725 1198 2793 pluribus
1215 2726 1285 2778 locis

59 2811 161 2862 iecisse
170 2807 310 2861 miracula
320 2822 373 2875 per
388 2822 490 2861 eorum
500 2809 685 2874 penitentiam
697 2809 884 2861 affirmabant.

89 2890 232 2952 Quoniam
245 2892 336 2944 nescit
346 2890 432 2943 homo
444 2893 540 2943 utrum
552 2892 591 2943 sit
604 2891 709 2958 dignus
722 2904 818 2944 amore
830 2905 866 2943 an
887 2891 962 2952 odic,
974 2904 992 2942 a
1003 2885 1090 2942 simili
1101 2891 1130 2941 in
1143 2889 1198 2940 isto
1209 2891 1283 2941 tacto

57 2972 144 3038 index
154 2974 199 3026 est
210 2974 287 3026 Deus
297 2975 405 3037 noster,
418 2975 486 3039 quia
501 2974 609 3039 judicia
620 2974 735 3026 Domini
744 2975 862 3039 abyssus
879 2972 978 3025 multa.
991 2973 1086 3025 Unum
1097 2972 1204 3033 dubito,
1218 2976 1286 3036 quia

58 3054 112 3108 late
122 3053 198 3107 aima
213 3056 272 3120 jam
291 3055 322 3108 in
340 3058 452 3108 tantum
462 3057 552 3108 crevit
571 3059 600 3108 ct
620 3057 722 3109 crescit
740 3057 770 3107 in
790 3057 909 3108 diversis
921 3055 991 3107 locis
1002 3068 1054 3121 per
1061 3055 1220 3116 societates,
1232 3067 1282 3106 seu

58 3139 159 3190 mutuo
171 3137 337 3201 adunantes,
348 3139 397 3204 qui
406 3139 514 3190 iaciunt
526 3141 619 3191 tantas
631 3140 769 3191 novitmes
786 3140 816 3190 et
832 3139 932 3190 nonna
948 3138 1165 3189 consuetudines
1182 3149 1285 3202 appro-

59 3221 150 3282 batas,
160 3219 236 3284 quod
249 3218 422 3274 horrendum
434 3222 478 3273 est
494 3221 622 3286 cogitare
631 3223 681 3273 aut
692 3221 802 3286 dicere,
821 3234 886 3272 nam
903 3220 1014 3271 omissis
1034 3219 1195 3273 civitatibus
1207 3218 1283 3280 aliis,

57 3301 135 3354 villis
147 3292 234 3368 atque
245 3301 325 3366 locis,
338 3303 432 3356 refero
446 3303 481 3355 de
493 3303 633 3366 Tornaco,
646 3305 713 3368 quia
724 3304 836 3369 quando
860 3304 951 3368 primo
969 3302 1108 3355 uenerunt
1124 3301 1285 3366 penitentes

57 3385 111 3452 ipsi
120 3397 176 3452 per
186 3386 313 3452 spacium
323 3386 443 3453 triginta
456 3387 542 3438 trium
559 3387 670 3438 dicrum
687 3387 873 3451 penitentiam
890 3385 1040 3436 iaciebant
1060 3383 1143 3435 Modo
1160 3383 1286 3435 adunant

56 3479 87 3520 se
109 3468 213 3520 mutuno
241 3481 293 3533 per
308 3467 484 3533 parrochias,
511 3470 540 3520 et
559 3469 588 3519 in
606 3469 729 3520 sabbatis
742 3469 770 3519 et
787 3468 816 3518 in
830 3468 925 3529 testis,
939 3468 969 3518 in
990 3464 1146 3518 cathedrali
1167 3464 1288 3518 ecclesia

56 3551 82 3601 b.
96 3549 209 3602 Manae
217 3551 247 3603 et
255 3550 285 3601 in
296 3549 361 3603 aliis
372 3548 513 3613 ecclesiis,
523 3552 630 3602 iaciunt
642 3564 725 3602 suum
736 3551 833 3612 ritum,
844 3563 913 3616 sepe
923 3548 1110 3614 impedientes
1122 3547 1218 3599 mvina
1229 3560 1287 3600 ser·

55 3631 139 3697 vicia,
162 3643 216 3684 nec
235 3644 254 3682 a
268 3631 347 3685 clerc
358 3635 478 3698 possunt
489 3646 575 3698 super
585 3632 639 3684 hoc
651 3632 830 3698 reprehendi,
848 3632 916 3697 quia
926 3632 1046 3697 propter
1056 3629 1287 3682 communitatem

56 3726 112 3767 uon
130 3713 279 3766 auderent
291 3712 328 3766 Et
337 3716 411 3780 quod
426 3714 490 3780 plus
499 3717 543 3766 est
555 3716 653 3777 crevit,
672 3718 701 3767 et
712 3716 756 3767 est
768 3715 878 3766 novitas
895 3712 1046 3778 mirabilis,
1059 3713 1127 3778 quia
1143 3711 1191 3764 isti
1207 3712 1286 3777 peni·
1320 3727 1326 3738 ·

56 3797 150 3850 tentes
161 3795 294 3849 mirabile
307 3797 483 3864 inceperunt.
492 3798 565 3850 Nam
573 3797 696 3864 collegia
707 3801 736 3849 et
749 3797 851 3859 curati,
873 3796 1028 3849 secundum
1046 3795 1121 3861 quod
1140 3796 1184 3847 est
1199 3795 1285 3847 ratio·

56 3879 153 3932 habile
167 3879 198 3931 et
213 3881 391 3943 consuetum,
404 3881 439 3933 ad
450 3893 570 3947 corpora
583 3880 711 3941 levanda,
724 3879 863 3945 portanda
872 3882 902 3931 et
911 3878 1075 3945 sepelienda
1083 3877 1218 3930 accedere
1228 3890 1284 3929 non

57 3961 180 4028 oportet,
200 3961 268 4027 quia
292 3962 442 4015 societates
466 3964 655 4029 penitentium
675 3976 738 4014 cum
760 3975 844 4014 cruce
873 3963 903 4014 et
930 3960 1021 4013 cereis
1044 3972 1164 4026 corpora
1180 3959 1286 4022 lerant,

55 4044 174 4109 portant
185 4042 217 4095 et
232 4043 385 4109 sepeliunt,
397 4046 426 4097 et
448 4059 515 4111 sepe
535 4047 643 4098 inducti
655 4047 720 4097 sunt
739 4045 902 4106 morientes,
915 4045 949 4095 ut
964 4042 1069 4096 talibus
1087 4043 1201 4105 donent,
1214 4042 1288 4095 deut

56 4122 131 4178 sciet
142 4124 208 4176 fleri
219 4126 334 4188 curatis,
356 4127 521 4193 capellanis,
534 4127 720 4196 hospitalibus
733 4129 763 4180 et
778 4127 959 4193 pauperibus.

89 4206 127 4258 Bt
137 4207 232 4259 audeo
245 4206 350 4272 dicere,
363 4211 438 4275 quod
449 4212 478 4262 in
488 4210 610 4263 adventu
622 4212 688 4263 ante
699 4209 794 4263 natale
805 4208 916 4261 Domim
929 4221 1002 4261 anno
1022 4208 1168 4274 praedicto
1185 4207 1241 4260 ista
1257 4208 1288 4260 et

57 4289 149 4342 multa
166 4287 224 4342 alia
241 4290 347 4343 flebant
363 4293 393 4344 in
411 4292 548 4345 Tornaco.

89 4372 128 4425 Et
136 4371 207 4437 quia
215 4371 299 4424 homo
311 4374 425 4427 videtin
438 4375 522 4438 isaie,
532 4375 609 4429 Deus
618 4381 713 4429 autem
721 4377 751 4427 in
762 4375 857 4438 corde,
876 4377 906 4428 ct
922 4375 1049 4441 predicta
1060 4375 1126 4425 sunt
1137 4372 1286 4436 novitates,

56 4457 87 4509 et
98 4453 231 4508 Salvator
242 4457 338 4509 noster
350 4456 440 4509 dixit:
455 4477 468 4504 ι
488 4458 586 4511 Nolite
604 4462 670 4511 ante
687 4461 798 4524 tempus
814 4459 952 4523 judicare,
974 4476 985 4504 ι
1003 4457 1109 4510 idclrco
1131 4454 1285 4508 utilitatem

55 4539 156 4592 nnete
175 4534 277 4590 matris
288 4534 408 4590 ecclesie
419 4537 448 4589 et
459 4536 605 4600 honorem,
631 4538 698 4590 tidei
719 4537 944 4591 observationem
968 4537 998 4590 ot
1017 4533 1233 4588 christianitatis
1253 4534 1284 4586 et
