<?xml version="1.0" encoding="UTF-8"?>
<!DOCTYPE html PUBLIC "-//W3C//DTD XHTML 1.0 Transitional//EN"
    "http://www.w3.org/TR/xhtml1/DTD/xhtml1-transitional.dtd">
<html xmlns="http://www.w3.org/1999/xhtml" xml:lang="en" lang="en">
 <head>
  <title>
</title>
<meta http-equiv="Content-Type" content="text/html;charset=utf-8" />
  <meta name='ocr-system' content='tesseract 3.04.00' />
  <meta name='ocr-capabilities' content='ocr_page ocr_carea ocr_par ocr_line ocrx_word'/>
</head>
<body>
  <div class='ocr_page' id='page_1' title='image "./corpusdocumento00frgoog_0116.png"; bbox 0 0 3188 5340; ppageno 0'>
   <div class='ocr_carea' id='block_1_1' title="bbox 573 468 1282 522">
    <p class='ocr_par' dir='ltr' id='par_1_1' title="bbox 573 468 1282 522">
     <span class='ocr_line' id='line_1_1' title="bbox 573 468 1282 522; baseline -0.003 -2"><span class='ocrx_word' id='word_1_1' title='bbox 573 468 677 522; x_wconf 80' lang='lat' dir='ltr'>ANNO</span> <span class='ocrx_word' id='word_1_2' title='bbox 696 468 760 518; x_wconf 74' lang='lat'>1324</span> <span class='ocrx_word' id='word_1_3' title='bbox 1249 468 1282 518; x_wconf 83' lang='lat'><strong>85</strong></span> 
     </span>
    </p>
   </div>
   <div class='ocr_carea' id='block_1_2' title="bbox 147 632 1283 1524">
    <p class='ocr_par' dir='ltr' id='par_1_2' title="bbox 147 632 1283 1524">
     <span class='ocr_line' id='line_1_2' title="bbox 147 632 1281 698; baseline -0.002 -14"><span class='ocrx_word' id='word_1_4' title='bbox 147 647 183 684; x_wconf 80' lang='lat' dir='ltr'><strong>ro</strong></span> <span class='ocrx_word' id='word_1_5' title='bbox 213 632 346 698; x_wconf 80' lang='lat' dir='ltr'><strong>Mellarij,</strong></span> <span class='ocrx_word' id='word_1_6' title='bbox 369 633 569 685; x_wconf 88' lang='lat' dir='ltr'><strong>archidiacono</strong></span> <span class='ocrx_word' id='word_1_7' title='bbox 587 632 806 693; x_wconf 78' lang='lat' dir='ltr'><strong>constantiensi,</strong></span> <span class='ocrx_word' id='word_1_8' title='bbox 830 632 944 684; x_wconf 91' lang='lat' dir='ltr'><strong>domino</strong></span> <span class='ocrx_word' id='word_1_9' title='bbox 966 633 1097 683; x_wconf 76' lang='lat' dir='ltr'><strong>iohanne</strong></span> <span class='ocrx_word' id='word_1_10' title='bbox 1120 632 1154 683; x_wconf 90' lang='lat' dir='ltr'><strong>de</strong></span> <span class='ocrx_word' id='word_1_11' title='bbox 1172 632 1281 693; x_wconf 87' lang='lat' dir='ltr'><strong>Alosto,</strong></span> 
     </span>
     <span class='ocr_line' id='line_1_3' title="bbox 147 713 1281 780; baseline 0.002 -16"><span class='ocrx_word' id='word_1_12' title='bbox 147 731 153 764; x_wconf 81' lang='grc' dir='ltr'>ι</span> <span class='ocrx_word' id='word_1_13' title='bbox 176 715 299 768; x_wconf 75' lang='lat' dir='ltr'><strong>ecclesie</strong></span> <span class='ocrx_word' id='word_1_14' title='bbox 321 717 356 767; x_wconf 92' lang='lat' dir='ltr'><strong>de</strong></span> <span class='ocrx_word' id='word_1_15' title='bbox 385 715 530 777; x_wconf 77' lang='lat' dir='ltr'><strong>Mersella,</strong></span> <span class='ocrx_word' id='word_1_16' title='bbox 555 716 767 767; x_wconf 86' lang='lat' dir='ltr'><strong>Cameracensis</strong></span> <span class='ocrx_word' id='word_1_17' title='bbox 790 715 929 780; x_wconf 83' lang='lat' dir='ltr'><strong>dyocesis,</strong></span> <span class='ocrx_word' id='word_1_18' title='bbox 950 715 1097 767; x_wconf 89' lang='lat' dir='ltr'><strong>Leonardo</strong></span> <span class='ocrx_word' id='word_1_19' title='bbox 1120 714 1155 765; x_wconf 89' lang='lat' dir='ltr'><strong>de</strong></span> <span class='ocrx_word' id='word_1_20' title='bbox 1179 713 1281 766; x_wconf 91' lang='lat' dir='ltr'><strong>Sancto</strong></span> 
     </span>
     <span class='ocr_line' id='line_1_4' title="bbox 147 796 1281 863; baseline 0 -15"><span class='ocrx_word' id='word_1_21' title='bbox 147 796 213 859; x_wconf 72' lang='lat' dir='ltr'><strong>ileo,</strong></span> <span class='ocrx_word' id='word_1_22' title='bbox 227 798 419 860; x_wconf 73' lang='lat' dir='ltr'><strong>beluacensis,</strong></span> <span class='ocrx_word' id='word_1_23' title='bbox 432 801 461 850; x_wconf 90' lang='lat' dir='ltr'><strong>et</strong></span> <span class='ocrx_word' id='word_1_24' title='bbox 473 799 598 850; x_wconf 84' lang='lat' dir='ltr'><strong>Gerardo</strong></span> <span class='ocrx_word' id='word_1_25' title='bbox 612 798 719 861; x_wconf 88' lang='lat' dir='ltr'><strong>Pestel,</strong></span> <span class='ocrx_word' id='word_1_26' title='bbox 733 797 916 850; x_wconf 90' lang='lat' dir='ltr'><strong>Beluacensis</strong></span> <span class='ocrx_word' id='word_1_27' title='bbox 927 798 1056 863; x_wconf 85' lang='lat' dir='ltr'><strong>dyocesis</strong></span> <span class='ocrx_word' id='word_1_28' title='bbox 1068 796 1190 861; x_wconf 84' lang='lat' dir='ltr'><strong>clericis,</strong></span> <span class='ocrx_word' id='word_1_29' title='bbox 1203 799 1281 849; x_wconf 90' lang='lat' dir='ltr'><strong>testi·</strong></span> 
     </span>
     <span class='ocr_line' id='line_1_5' title="bbox 147 881 765 947; baseline 0 -16"><span class='ocrx_word' id='word_1_30' title='bbox 147 881 305 946; x_wconf 78' lang='lat' dir='ltr'><strong>[premissa</strong></span> <span class='ocrx_word' id='word_1_31' title='bbox 316 883 422 933; x_wconf 86' lang='lat' dir='ltr'><strong>voeatis</strong></span> <span class='ocrx_word' id='word_1_32' title='bbox 433 881 596 946; x_wconf 82' lang='lat' dir='ltr'><strong>specialiter</strong></span> <span class='ocrx_word' id='word_1_33' title='bbox 608 882 636 933; x_wconf 89' lang='lat' dir='ltr'><strong>et</strong></span> <span class='ocrx_word' id='word_1_34' title='bbox 648 881 765 947; x_wconf 85' lang='lat' dir='ltr'><strong>rogatis.</strong></span> 
     </span>
     <span class='ocr_line' id='line_1_6' title="bbox 147 963 1281 1031; baseline -0.002 -15"><span class='ocrx_word' id='word_1_35' title='bbox 147 988 149 1004; x_wconf 82' lang='lat'><em>=</em></span> <span class='ocrx_word' id='word_1_36' title='bbox 161 963 1281 1031; x_wconf 53' lang='grc'><strong>31100001110110001000010110110010100010,0010000101011000010,</strong></span> 
     </span>
     <span class='ocr_line' id='line_1_7' title="bbox 147 1043 1283 1112; baseline 0.003 -17"><span class='ocrx_word' id='word_1_37' title='bbox 147 1043 213 1098; x_wconf 73' lang='lat' dir='ltr'><strong>»lica</strong></span> <span class='ocrx_word' id='word_1_38' title='bbox 228 1048 258 1097; x_wconf 91' lang='lat' dir='ltr'><strong>et</strong></span> <span class='ocrx_word' id='word_1_39' title='bbox 276 1045 420 1112; x_wconf 89' lang='lat' dir='ltr'><strong>jmperiali</strong></span> <span class='ocrx_word' id='word_1_40' title='bbox 444 1047 597 1098; x_wconf 89' lang='lat' dir='ltr'><strong>autoritate</strong></span> <span class='ocrx_word' id='word_1_41' title='bbox 621 1046 752 1111; x_wconf 90' lang='lat' dir='ltr'><strong>publicus</strong></span> <span class='ocrx_word' id='word_1_42' title='bbox 764 1045 891 1107; x_wconf 81' lang='lat' dir='ltr'><strong>tabellio,</strong></span> <span class='ocrx_word' id='word_1_43' title='bbox 908 1046 1053 1111; x_wconf 88' lang='lat' dir='ltr'><strong>premissis</strong></span> <span class='ocrx_word' id='word_1_44' title='bbox 1065 1046 1145 1106; x_wconf 87' lang='lat' dir='ltr'><strong>actis,</strong></span> <span class='ocrx_word' id='word_1_45' title='bbox 1157 1046 1241 1097; x_wconf 88' lang='lat' dir='ltr'><strong>dictis</strong></span> <span class='ocrx_word' id='word_1_46' title='bbox 1253 1049 1283 1098; x_wconf 89' lang='lat' dir='ltr'><strong>et</strong></span> 
     </span>
     <span class='ocr_line' id='line_1_8' title="bbox 147 1127 1282 1194; baseline 0.004 -17"><span class='ocrx_word' id='word_1_47' title='bbox 147 1127 194 1178; x_wconf 74' lang='lat' dir='ltr'><strong>itis</strong></span> <span class='ocrx_word' id='word_1_48' title='bbox 211 1141 264 1194; x_wconf 89' lang='lat' dir='ltr'><strong>per</strong></span> <span class='ocrx_word' id='word_1_49' title='bbox 281 1131 422 1193; x_wconf 78' lang='lat' dir='ltr'><strong>prelatum</strong></span> <span class='ocrx_word' id='word_1_50' title='bbox 435 1129 625 1181; x_wconf 90' lang='lat' dir='ltr'><strong>reuerendum</strong></span> <span class='ocrx_word' id='word_1_51' title='bbox 637 1132 744 1193; x_wconf 86' lang='lat' dir='ltr'><strong>patrem</strong></span> <span class='ocrx_word' id='word_1_52' title='bbox 765 1130 909 1180; x_wconf 91' lang='lat' dir='ltr'><strong>dominum</strong></span> <span class='ocrx_word' id='word_1_53' title='bbox 928 1129 1159 1181; x_wconf 79' lang='lat' dir='ltr'><strong>cameracensem</strong></span> <span class='ocrx_word' id='word_1_54' title='bbox 1176 1129 1282 1193; x_wconf 76' lang='lat' dir='ltr'><strong>episcc</strong></span> 
     </span>
     <span class='ocr_line' id='line_1_9' title="bbox 159 1211 1281 1279; baseline -0.001 -16"><span class='ocrx_word' id='word_1_55' title='bbox 159 1214 194 1263; x_wconf 86' lang='lat' dir='ltr'><strong>ut</strong></span> <span class='ocrx_word' id='word_1_56' title='bbox 215 1213 369 1277; x_wconf 84' lang='lat' dir='ltr'><strong>prelertur,</strong></span> <span class='ocrx_word' id='word_1_57' title='bbox 389 1225 446 1264; x_wconf 90' lang='lat' dir='ltr'><strong>una</strong></span> <span class='ocrx_word' id='word_1_58' title='bbox 471 1226 535 1263; x_wconf 90' lang='lat' dir='ltr'><strong>cum</strong></span> <span class='ocrx_word' id='word_1_59' title='bbox 562 1212 681 1263; x_wconf 86' lang='lat' dir='ltr'><strong>testibus</strong></span> <span class='ocrx_word' id='word_1_60' title='bbox 700 1212 914 1279; x_wconf 82' lang='lat' dir='ltr'><strong>suprascriptis,</strong></span> <span class='ocrx_word' id='word_1_61' title='bbox 932 1224 1049 1275; x_wconf 88' lang='lat' dir='ltr'><strong>presens</strong></span> <span class='ocrx_word' id='word_1_62' title='bbox 1065 1211 1117 1272; x_wconf 80' lang='lat' dir='ltr'><strong>fui,</strong></span> <span class='ocrx_word' id='word_1_63' title='bbox 1135 1215 1281 1275; x_wconf 86' lang='lat' dir='ltr'><strong>presentes</strong></span> 
     </span>
     <span class='ocr_line' id='line_1_10' title="bbox 147 1293 1281 1366; baseline 0.003 -21"><span class='ocrx_word' id='word_1_64' title='bbox 147 1309 165 1345; x_wconf 83' lang='lat' dir='ltr'><strong>s</strong></span> <span class='ocrx_word' id='word_1_65' title='bbox 177 1294 213 1346; x_wconf 90' lang='lat' dir='ltr'><strong>de</strong></span> <span class='ocrx_word' id='word_1_66' title='bbox 226 1295 358 1347; x_wconf 83' lang='lat' dir='ltr'><strong>mandato</strong></span> <span class='ocrx_word' id='word_1_67' title='bbox 369 1295 459 1360; x_wconf 90' lang='lat' dir='ltr'><strong>ipsius</strong></span> <span class='ocrx_word' id='word_1_68' title='bbox 476 1293 627 1359; x_wconf 87' lang='lat' dir='ltr'><strong>paralium</strong></span> <span class='ocrx_word' id='word_1_69' title='bbox 646 1295 731 1346; x_wconf 86' lang='lat' dir='ltr'><strong>scribi</strong></span> <span class='ocrx_word' id='word_1_70' title='bbox 744 1295 809 1354; x_wconf 83' lang='lat' dir='ltr'><strong>ieci,</strong></span> <span class='ocrx_word' id='word_1_71' title='bbox 832 1293 879 1344; x_wconf 88' lang='lat' dir='ltr'><strong>hie</strong></span> <span class='ocrx_word' id='word_1_72' title='bbox 899 1307 944 1344; x_wconf 91' lang='lat' dir='ltr'><strong>me</strong></span> <span class='ocrx_word' id='word_1_73' title='bbox 956 1294 1109 1366; x_wconf 84' lang='lat' dir='ltr'><strong>subscripsi</strong></span> <span class='ocrx_word' id='word_1_74' title='bbox 1127 1297 1157 1346; x_wconf 90' lang='lat' dir='ltr'><strong>et</strong></span> <span class='ocrx_word' id='word_1_75' title='bbox 1168 1296 1281 1361; x_wconf 78' lang='lat' dir='ltr'><strong>signum</strong></span> 
     </span>
     <span class='ocr_line' id='line_1_11' title="bbox 167 1375 1279 1443; baseline 0.001 -16"><span class='ocrx_word' id='word_1_76' title='bbox 167 1380 334 1428; x_wconf 88' lang='lat' dir='ltr'><strong>consuetum</strong></span> <span class='ocrx_word' id='word_1_77' title='bbox 358 1391 416 1427; x_wconf 84' lang='lat' dir='ltr'><strong>una</strong></span> <span class='ocrx_word' id='word_1_78' title='bbox 437 1391 501 1427; x_wconf 89' lang='lat' dir='ltr'><strong>cum</strong></span> <span class='ocrx_word' id='word_1_79' title='bbox 518 1391 643 1441; x_wconf 90' lang='lat' dir='ltr'><strong>appensu</strong></span> <span class='ocrx_word' id='word_1_80' title='bbox 665 1375 752 1442; x_wconf 85' lang='lat' dir='ltr'><strong>sigillj</strong></span> <span class='ocrx_word' id='word_1_81' title='bbox 778 1377 845 1441; x_wconf 85' lang='lat' dir='ltr'><strong>dictj</strong></span> <span class='ocrx_word' id='word_1_82' title='bbox 871 1376 1019 1441; x_wconf 89' lang='lat' dir='ltr'><strong>reuerendj</strong></span> <span class='ocrx_word' id='word_1_83' title='bbox 1047 1377 1136 1441; x_wconf 90' lang='lat' dir='ltr'><strong>patris</strong></span> <span class='ocrx_word' id='word_1_84' title='bbox 1163 1380 1279 1443; x_wconf 87' lang='lat' dir='ltr'><strong>apposuj</strong></span> 
     </span>
     <span class='ocr_line' id='line_1_12' title="bbox 147 1460 558 1524; baseline 0 -14"><span class='ocrx_word' id='word_1_85' title='bbox 147 1472 182 1521; x_wconf 80' lang='lat' dir='ltr'><strong>is,</strong></span> <span class='ocrx_word' id='word_1_86' title='bbox 195 1473 270 1511; x_wconf 89' lang='lat' dir='ltr'><strong>anno</strong></span> <span class='ocrx_word' id='word_1_87' title='bbox 279 1461 308 1511; x_wconf 90' lang='grc'><strong>01</strong></span> <span class='ocrx_word' id='word_1_88' title='bbox 320 1460 367 1510; x_wconf 87' lang='grc'><strong>110</strong></span> <span class='ocrx_word' id='word_1_89' title='bbox 378 1460 558 1524; x_wconf 77' lang='lat' dir='ltr'><strong>supradietis.</strong></span> 
     </span>
    </p>
   </div>
   <div class='ocr_carea' id='block_1_3' title="bbox 319 1572 1281 1639">
    <p class='ocr_par' dir='ltr' id='par_1_3' title="bbox 319 1572 1281 1639">
     <span class='ocr_line' id='line_1_13' title="bbox 319 1572 1281 1639; baseline 0.002 -13"><span class='ocrx_word' id='word_1_90' title='bbox 319 1573 436 1626; x_wconf 80' lang='lat' dir='ltr'><strong>Archiel</strong></span> <span class='ocrx_word' id='word_1_91' title='bbox 453 1588 506 1626; x_wconf 87' lang='lat' dir='ltr'><strong>van</strong></span> <span class='ocrx_word' id='word_1_92' title='bbox 530 1575 566 1626; x_wconf 89' lang='lat' dir='ltr'><strong>de</strong></span> <span class='ocrx_word' id='word_1_93' title='bbox 592 1574 757 1626; x_wconf 86' lang='lat' dir='ltr'><strong>Commissie</strong></span> <span class='ocrx_word' id='word_1_94' title='bbox 778 1574 829 1626; x_wconf 90' lang='lat' dir='ltr'><strong>der</strong></span> <span class='ocrx_word' id='word_1_95' title='bbox 851 1572 1035 1639; x_wconf 84' lang='lat' dir='ltr'><strong>Burgerlijke</strong></span> <span class='ocrx_word' id='word_1_96' title='bbox 1058 1574 1235 1627; x_wconf 84' lang='lat' dir='ltr'><strong>Godsbuizen</strong></span> <span class='ocrx_word' id='word_1_97' title='bbox 1252 1577 1281 1628; x_wconf 86' lang='grc'><strong>10</strong></span> 
     </span>
    </p>
   </div>
   <div class='ocr_carea' id='block_1_4' title="bbox 349 1654 1280 1887">
    <p class='ocr_par' dir='ltr' id='par_1_4' title="bbox 349 1654 1280 1887">
     <span class='ocr_line' id='line_1_14' title="bbox 351 1654 1280 1723; baseline 0.001 -14"><span class='ocrx_word' id='word_1_98' title='bbox 351 1657 465 1709; x_wconf 87' lang='lat' dir='ltr'><strong>Brussel</strong></span> <span class='ocrx_word' id='word_1_99' title='bbox 478 1659 517 1720; x_wconf 88' lang='lat' dir='ltr'><strong>(in</strong></span> <span class='ocrx_word' id='word_1_100' title='bbox 531 1657 550 1709; x_wconf 84' lang='lat' dir='ltr'><strong>’t</strong></span> <span class='ocrx_word' id='word_1_101' title='bbox 561 1654 835 1720; x_wconf 64' lang='lat' dir='ltr'><strong>Sedenshospitaal),</strong></span> <span class='ocrx_word' id='word_1_102' title='bbox 846 1657 948 1707; x_wconf 87' lang='lat' dir='ltr'><strong>karton</strong></span> <span class='ocrx_word' id='word_1_103' title='bbox 958 1657 1015 1717; x_wconf 81' lang='lat'><strong>262,</strong></span> <span class='ocrx_word' id='word_1_104' title='bbox 1026 1655 1157 1707; x_wconf 82' lang='lat' dir='ltr'><strong>alschrilt</strong></span> <span class='ocrx_word' id='word_1_105' title='bbox 1174 1672 1210 1723; x_wconf 93' lang='lat' dir='ltr'><strong>op</strong></span> <span class='ocrx_word' id='word_1_106' title='bbox 1228 1671 1280 1710; x_wconf 90' lang='lat' dir='ltr'><strong>een</strong></span> 
     </span>
     <span class='ocr_line' id='line_1_15' title="bbox 349 1737 1279 1803; baseline 0.001 -15"><span class='ocrx_word' id='word_1_107' title='bbox 349 1738 436 1790; x_wconf 88' lang='lat' dir='ltr'><strong>lesen</strong></span> <span class='ocrx_word' id='word_1_108' title='bbox 446 1737 550 1790; x_wconf 91' lang='lat' dir='ltr'><strong>dubbel</strong></span> <span class='ocrx_word' id='word_1_109' title='bbox 560 1737 801 1802; x_wconf 83' lang='lat' dir='ltr'><strong>bladpapier,lol.</strong></span> <span class='ocrx_word' id='word_1_110' title='bbox 812 1738 856 1798; x_wconf 93' lang='lat' dir='ltr'><strong>l,l</strong></span> <span class='ocrx_word' id='word_1_111' title='bbox 867 1751 948 1789; x_wconf 89' lang='lat' dir='ltr'><strong>verso</strong></span> <span class='ocrx_word' id='word_1_112' title='bbox 959 1737 1019 1789; x_wconf 81' lang='grc'><strong>002</strong></span> <span class='ocrx_word' id='word_1_113' title='bbox 1028 1739 1279 1803; x_wconf 82' lang='lat' dir='ltr'><strong>(ongenummerd).</strong></span> 
     </span>
     <span class='ocr_line' id='line_1_16' title="bbox 349 1819 1280 1887; baseline 0 -14"><span class='ocrx_word' id='word_1_114' title='bbox 349 1820 451 1873; x_wconf 89' lang='lat' dir='ltr'><strong>-Ons</strong></span> <span class='ocrx_word' id='word_1_115' title='bbox 474 1822 540 1873; x_wconf 86' lang='lat' dir='ltr'><strong>stuk</strong></span> <span class='ocrx_word' id='word_1_116' title='bbox 560 1822 584 1871; x_wconf 94' lang='lat' dir='ltr'><strong>is</strong></span> <span class='ocrx_word' id='word_1_117' title='bbox 605 1821 682 1884; x_wconf 87' lang='lat' dir='ltr'><strong>bijna</strong></span> <span class='ocrx_word' id='word_1_118' title='bbox 701 1819 907 1887; x_wconf 80' lang='lat' dir='ltr'><strong>gelijkluidend</strong></span> <span class='ocrx_word' id='word_1_119' title='bbox 919 1822 978 1871; x_wconf 88' lang='lat' dir='ltr'><strong>met</strong></span> <span class='ocrx_word' id='word_1_120' title='bbox 997 1820 1046 1870; x_wconf 90' lang='lat' dir='ltr'><strong>het</strong></span> <span class='ocrx_word' id='word_1_121' title='bbox 1065 1820 1131 1872; x_wconf 73' lang='lat' dir='ltr'><strong>stuli</strong></span> <span class='ocrx_word' id='word_1_122' title='bbox 1149 1835 1202 1872; x_wconf 88' lang='lat' dir='ltr'><strong>van</strong></span> <span class='ocrx_word' id='word_1_123' title='bbox 1214 1822 1280 1873; x_wconf 92' lang='lat' dir='ltr'><strong>den·</strong></span> 
     </span>
    </p>
   </div>
   <div class='ocr_carea' id='block_1_5' title="bbox 347 1903 1281 2542">
    <p class='ocr_par' dir='ltr' id='par_1_5' title="bbox 347 1903 1281 2542">
     <span class='ocr_line' id='line_1_17' title="bbox 350 1903 1281 1970; baseline 0.001 -15"><span class='ocrx_word' id='word_1_124' title='bbox 350 1904 459 1956; x_wconf 85' lang='lat' dir='ltr'><strong>zeliden</strong></span> <span class='ocrx_word' id='word_1_125' title='bbox 478 1906 574 1956; x_wconf 88' lang='lat' dir='ltr'><strong>datum</strong></span> <span class='ocrx_word' id='word_1_126' title='bbox 595 1917 723 1970; x_wconf 84' lang='lat' dir='ltr'><strong>gegeven</strong></span> <span class='ocrx_word' id='word_1_127' title='bbox 746 1904 817 1954; x_wconf 91' lang='lat' dir='ltr'><strong>door</strong></span> <span class='ocrx_word' id='word_1_128' title='bbox 833 1903 999 1955; x_wconf 85' lang='lat' dir='ltr'><strong>denzeliden</strong></span> <span class='ocrx_word' id='word_1_129' title='bbox 1023 1903 1154 1970; x_wconf 90' lang='lat' dir='ltr'><strong>bisschop</strong></span> <span class='ocrx_word' id='word_1_130' title='bbox 1172 1906 1220 1956; x_wconf 89' lang='lat' dir='ltr'><strong>ten</strong></span> <span class='ocrx_word' id='word_1_131' title='bbox 1236 1907 1281 1956; x_wconf 90' lang='lat' dir='ltr'><strong>be·</strong></span> 
     </span>
     <span class='ocr_line' id='line_1_18' title="bbox 347 1980 1279 2049; baseline -0.002 -15"><span class='ocrx_word' id='word_1_132' title='bbox 347 1983 437 2034; x_wconf 88' lang='lat' dir='ltr'><strong>hoeve</strong></span> <span class='ocrx_word' id='word_1_133' title='bbox 455 1984 506 2034; x_wconf 92' lang='lat' dir='ltr'><strong>der</strong></span> <span class='ocrx_word' id='word_1_134' title='bbox 522 1982 726 2047; x_wconf 80' lang='lat' dir='ltr'><strong>Antwerpsche</strong></span> <span class='ocrx_word' id='word_1_135' title='bbox 738 1982 887 2047; x_wconf 87' lang='lat' dir='ltr'><strong>Begijnen.</strong></span> <span class='ocrx_word' id='word_1_136' title='bbox 912 1982 970 2039; x_wconf 81' lang='lat' dir='ltr'><strong>(Zie</strong></span> <span class='ocrx_word' id='word_1_137' title='bbox 988 1980 1093 2049; x_wconf 65' lang='lat' dir='ltr'><strong>Corpus</strong></span> <span class='ocrx_word' id='word_1_138' title='bbox 1110 1983 1134 2044; x_wconf 92' lang='lat' dir='ltr'><strong>I,</strong></span> <span class='ocrx_word' id='word_1_139' title='bbox 1154 1982 1205 2034; x_wconf 83' lang='lat' dir='ltr'><strong>blz.</strong></span> <span class='ocrx_word' id='word_1_140' title='bbox 1221 1983 1279 2032; x_wconf 72' lang='lat' dir='ltr'><strong>lia</strong></span> 
     </span>
     <span class='ocr_line' id='line_1_19' title="bbox 350 2064 1280 2131; baseline 0.005 -17"><span class='ocrx_word' id='word_1_141' title='bbox 350 2065 407 2128; x_wconf 86' lang='grc'><strong>175,</strong></span> <span class='ocrx_word' id='word_1_142' title='bbox 420 2075 449 2116; x_wconf 76' lang='lat' dir='ltr'><strong>nr</strong></span> <span class='ocrx_word' id='word_1_143' title='bbox 462 2064 526 2131; x_wconf 89' lang='grc'><strong>178).</strong></span> <span class='ocrx_word' id='word_1_144' title='bbox 540 2092 573 2104; x_wconf 90' lang='grc'>-</span> <span class='ocrx_word' id='word_1_145' title='bbox 582 2064 624 2129; x_wconf 92' lang='lat' dir='ltr'><strong>Op</strong></span> <span class='ocrx_word' id='word_1_146' title='bbox 633 2064 798 2116; x_wconf 81' lang='lat' dir='ltr'><strong>denzeliden</strong></span> <span class='ocrx_word' id='word_1_147' title='bbox 811 2066 867 2130; x_wconf 83' lang='lat' dir='ltr'><strong>dag</strong></span> <span class='ocrx_word' id='word_1_148' title='bbox 879 2065 1031 2131; x_wconf 85' lang='lat' dir='ltr'><strong>vaardigde</strong></span> <span class='ocrx_word' id='word_1_149' title='bbox 1040 2065 1171 2131; x_wconf 91' lang='lat' dir='ltr'><strong>bissebop</strong></span> <span class='ocrx_word' id='word_1_150' title='bbox 1181 2067 1280 2119; x_wconf 89' lang='lat' dir='ltr'><strong>Pieter</strong></span> 
     </span>
     <span class='ocr_line' id='line_1_20' title="bbox 351 2147 1280 2216; baseline 0.002 -16"><span class='ocrx_word' id='word_1_151' title='bbox 351 2162 403 2201; x_wconf 90' lang='lat' dir='ltr'><strong>een</strong></span> <span class='ocrx_word' id='word_1_152' title='bbox 414 2149 502 2200; x_wconf 86' lang='lat' dir='ltr'><strong>ander</strong></span> <span class='ocrx_word' id='word_1_153' title='bbox 513 2148 578 2199; x_wconf 91' lang='lat' dir='ltr'><strong>stuk</strong></span> <span class='ocrx_word' id='word_1_154' title='bbox 591 2149 619 2198; x_wconf 90' lang='grc'><strong>10</strong></span> <span class='ocrx_word' id='word_1_155' title='bbox 632 2147 781 2211; x_wconf 88' lang='lat' dir='ltr'><strong>Kamerijk</strong></span> <span class='ocrx_word' id='word_1_156' title='bbox 798 2148 850 2209; x_wconf 88' lang='lat' dir='ltr'><strong>uit,</strong></span> <span class='ocrx_word' id='word_1_157' title='bbox 872 2148 987 2211; x_wconf 82' lang='lat' dir='ltr'><strong>waarbij</strong></span> <span class='ocrx_word' id='word_1_158' title='bbox 1002 2147 1040 2212; x_wconf 77' lang='lat' dir='ltr'><strong>hij</strong></span> <span class='ocrx_word' id='word_1_159' title='bbox 1054 2149 1126 2212; x_wconf 77' lang='lat' dir='ltr'><strong>ziJne</strong></span> <span class='ocrx_word' id='word_1_160' title='bbox 1137 2150 1280 2216; x_wconf 83' lang='lat' dir='ltr'><strong>goedkeu·</strong></span> 
     </span>
     <span class='ocr_line' id='line_1_21' title="bbox 349 2228 1279 2297; baseline -0.001 -14"><span class='ocrx_word' id='word_1_161' title='bbox 349 2233 416 2297; x_wconf 89' lang='lat' dir='ltr'><strong>ring</strong></span> <span class='ocrx_word' id='word_1_162' title='bbox 433 2230 548 2283; x_wconf 77' lang='lat' dir='ltr'><strong>bechila</strong></span> <span class='ocrx_word' id='word_1_163' title='bbox 566 2243 620 2282; x_wconf 89' lang='lat' dir='ltr'><strong>aan</strong></span> <span class='ocrx_word' id='word_1_164' title='bbox 635 2230 684 2280; x_wconf 89' lang='lat' dir='ltr'><strong>het</strong></span> <span class='ocrx_word' id='word_1_165' title='bbox 696 2229 854 2295; x_wconf 86' lang='lat' dir='ltr'><strong>reglement</strong></span> <span class='ocrx_word' id='word_1_166' title='bbox 872 2230 923 2280; x_wconf 90' lang='lat' dir='ltr'><strong>der</strong></span> <span class='ocrx_word' id='word_1_167' title='bbox 940 2228 1123 2282; x_wconf 86' lang='lat' dir='ltr'><strong>Brusselsche</strong></span> <span class='ocrx_word' id='word_1_168' title='bbox 1140 2231 1279 2296; x_wconf 81' lang='lat' dir='ltr'><strong>Begijnen</strong></span> 
     </span>
     <span class='ocr_line' id='line_1_22' title="bbox 347 2311 1281 2378; baseline -0.002 -13"><span class='ocrx_word' id='word_1_169' title='bbox 347 2312 441 2365; x_wconf 83' lang='lat' dir='ltr'><strong>aooals</strong></span> <span class='ocrx_word' id='word_1_170' title='bbox 458 2312 548 2365; x_wconf 86' lang='lat' dir='ltr'><strong>hetin</strong></span> <span class='ocrx_word' id='word_1_171' title='bbox 561 2312 624 2363; x_wconf 77' lang='lat'>1271</span> <span class='ocrx_word' id='word_1_172' title='bbox 638 2312 708 2362; x_wconf 89' lang='lat' dir='ltr'><strong>door</strong></span> <span class='ocrx_word' id='word_1_173' title='bbox 720 2311 825 2378; x_wconf 83' lang='lat' dir='ltr'><strong>hertog</strong></span> <span class='ocrx_word' id='word_1_174' title='bbox 835 2312 852 2363; x_wconf 83' lang='grc'><strong>1</strong></span> <span class='ocrx_word' id='word_1_175' title='bbox 856 2327 891 2363; x_wconf 85' lang='lat' dir='ltr'><strong>an</strong></span> <span class='ocrx_word' id='word_1_176' title='bbox 903 2311 917 2363; x_wconf 93' lang='lat' dir='ltr'>I</span> <span class='ocrx_word' id='word_1_177' title='bbox 927 2324 980 2363; x_wconf 89' lang='lat' dir='ltr'><strong>van</strong></span> <span class='ocrx_word' id='word_1_178' title='bbox 994 2311 1119 2363; x_wconf 87' lang='lat' dir='ltr'><strong>Brabant</strong></span> <span class='ocrx_word' id='word_1_179' title='bbox 1127 2326 1185 2364; x_wconf 82' lang='lat' dir='ltr'><strong>was</strong></span> <span class='ocrx_word' id='word_1_180' title='bbox 1197 2313 1281 2378; x_wconf 83' lang='lat' dir='ltr'><strong>goed-</strong></span> 
     </span>
     <span class='ocr_line' id='line_1_23' title="bbox 348 2392 1278 2462; baseline 0 -15"><span class='ocrx_word' id='word_1_181' title='bbox 348 2395 477 2462; x_wconf 85' lang='lat' dir='ltr'><strong>gekeurd</strong></span> <span class='ocrx_word' id='word_1_182' title='bbox 495 2395 657 2462; x_wconf 81' lang='lat' dir='ltr'><strong>geworden.</strong></span> <span class='ocrx_word' id='word_1_183' title='bbox 676 2393 820 2460; x_wconf 84' lang='lat' dir='ltr'><strong>(Miraeus,</strong></span> <span class='ocrx_word' id='word_1_184' title='bbox 845 2393 934 2460; x_wconf 80' lang='lat' dir='ltr'><strong>Opera</strong></span> <span class='ocrx_word' id='word_1_185' title='bbox 951 2392 1139 2461; x_wconf 74' lang='lat' dir='ltr'><strong>diplomatica,</strong></span> <span class='ocrx_word' id='word_1_186' title='bbox 1158 2392 1221 2447; x_wconf 90' lang='lat' dir='ltr'><strong>deel</strong></span> <span class='ocrx_word' id='word_1_187' title='bbox 1239 2394 1278 2458; x_wconf 92' lang='lat'><strong>11,</strong></span> 
     </span>
     <span class='ocr_line' id='line_1_24' title="bbox 349 2475 504 2542; baseline -0.006 -15"><span class='ocrx_word' id='word_1_188' title='bbox 349 2476 401 2528; x_wconf 82' lang='lat' dir='ltr'><strong>bla.</strong></span> <span class='ocrx_word' id='word_1_189' title='bbox 421 2475 504 2542; x_wconf 90' lang='grc'><strong>1006).</strong></span> 
     </span>
    </p>
   </div>
   <div class='ocr_carea' id='block_1_6' title="bbox 549 2665 772 2759">
    <p class='ocr_par' dir='ltr' id='par_1_6' title="bbox 549 2665 772 2759">
     <span class='ocr_line' id='line_1_25' title="bbox 549 2665 772 2759; baseline -0.022 -23"><span class='ocrx_word' id='word_1_190' title='bbox 549 2672 598 2738; x_wconf 81' lang='lat'><strong>52</strong></span> <span class='ocrx_word' id='word_1_191' title='bbox 626 2665 772 2759; x_wconf 54' lang='grc'><strong>(1781).</strong></span> 
     </span>
    </p>
   </div>
   <div class='ocr_carea' id='block_1_7' title="bbox 147 2884 1279 3264">
    <p class='ocr_par' dir='ltr' id='par_1_7' title="bbox 147 2884 1279 3264">
     <span class='ocr_line' id='line_1_26' title="bbox 147 2884 1279 2972; baseline 0.001 -20"><span class='ocrx_word' id='word_1_192' title='bbox 147 2890 190 2962; x_wconf 78' lang='grc'><strong>14,</strong></span> <span class='ocrx_word' id='word_1_193' title='bbox 214 2884 303 2952; x_wconf 71' lang='lat' dir='ltr'><strong>dani</strong></span> <span class='ocrx_word' id='word_1_194' title='bbox 321 2889 373 2963; x_wconf 85' lang='lat'><strong>22,</strong></span> <span class='ocrx_word' id='word_1_195' title='bbox 401 2885 574 2972; x_wconf 64' lang='lat' dir='ltr'><strong>Arianae.</strong></span> <span class='ocrx_word' id='word_1_196' title='bbox 600 2885 661 2953; x_wconf 93' lang='lat' dir='ltr'><strong>Bul</strong></span> <span class='ocrx_word' id='word_1_197' title='bbox 679 2904 743 2951; x_wconf 82' lang='lat' dir='ltr'><strong>van</strong></span> <span class='ocrx_word' id='word_1_198' title='bbox 760 2885 928 2952; x_wconf 88' lang='lat' dir='ltr'><strong>Johannes</strong></span> <span class='ocrx_word' id='word_1_199' title='bbox 944 2884 1044 2951; x_wconf 87' lang='lat' dir='ltr'>XXII</span> <span class='ocrx_word' id='word_1_200' title='bbox 1060 2888 1110 2953; x_wconf 92' lang='grc'><strong>101</strong></span> <span class='ocrx_word' id='word_1_201' title='bbox 1132 2884 1279 2953; x_wconf 80' lang='grc'><strong>101110-</strong></span> 
     </span>
     <span class='ocr_line' id='line_1_27' title="bbox 147 2987 1279 3076; baseline 0.005 -26"><span class='ocrx_word' id='word_1_202' title='bbox 147 3013 151 3050; x_wconf 80' lang='lat' dir='ltr'><strong>i</strong></span> <span class='ocrx_word' id='word_1_203' title='bbox 177 3009 241 3056; x_wconf 85' lang='lat' dir='ltr'><strong>van</strong></span> <span class='ocrx_word' id='word_1_204' title='bbox 265 2989 347 3056; x_wconf 84' lang='lat' dir='ltr'><strong>Luik</strong></span> <span class='ocrx_word' id='word_1_205' title='bbox 364 2989 505 3076; x_wconf 81' lang='lat' dir='ltr'><strong>gerioht,</strong></span> <span class='ocrx_word' id='word_1_206' title='bbox 531 3009 584 3056; x_wconf 91' lang='lat' dir='ltr'><strong>om</strong></span> <span class='ocrx_word' id='word_1_207' title='bbox 608 2989 683 3055; x_wconf 93' lang='lat' dir='ltr'><strong>hem</strong></span> <span class='ocrx_word' id='word_1_208' title='bbox 707 2993 741 3055; x_wconf 90' lang='lat' dir='ltr'><strong>te</strong></span> <span class='ocrx_word' id='word_1_209' title='bbox 757 2987 895 3055; x_wconf 86' lang='lat' dir='ltr'><strong>bevelen</strong></span> <span class='ocrx_word' id='word_1_210' title='bbox 920 3009 980 3054; x_wconf 89' lang='lat' dir='ltr'><strong>een</strong></span> <span class='ocrx_word' id='word_1_211' title='bbox 995 2988 1180 3055; x_wconf 86' lang='lat' dir='ltr'><strong>onderzoek</strong></span> <span class='ocrx_word' id='word_1_212' title='bbox 1196 2991 1229 3056; x_wconf 94' lang='lat' dir='ltr'><strong>in</strong></span> <span class='ocrx_word' id='word_1_213' title='bbox 1246 2995 1279 3058; x_wconf 89' lang='grc'><strong>10</strong></span> 
     </span>
     <span class='ocr_line' id='line_1_28' title="bbox 148 3091 1278 3182; baseline 0.001 -23"><span class='ocrx_word' id='word_1_214' title='bbox 148 3113 172 3159; x_wconf 88' lang='grc' dir='ltr'><strong>ιι</strong></span> <span class='ocrx_word' id='word_1_215' title='bbox 196 3112 279 3160; x_wconf 89' lang='lat' dir='ltr'><strong>naar</strong></span> <span class='ocrx_word' id='word_1_216' title='bbox 294 3093 333 3160; x_wconf 88' lang='lat' dir='ltr'><strong>de</strong></span> <span class='ocrx_word' id='word_1_217' title='bbox 349 3091 673 3179; x_wconf 80' lang='lat' dir='ltr'><strong>rechtgeloovigheid</strong></span> <span class='ocrx_word' id='word_1_218' title='bbox 690 3112 730 3158; x_wconf 91' lang='lat' dir='ltr'><strong>en</strong></span> <span class='ocrx_word' id='word_1_219' title='bbox 747 3091 848 3159; x_wconf 83' lang='lat' dir='ltr'><strong>aeden</strong></span> <span class='ocrx_word' id='word_1_220' title='bbox 872 3091 931 3158; x_wconf 91' lang='lat' dir='ltr'><strong>der</strong></span> <span class='ocrx_word' id='word_1_221' title='bbox 954 3092 1113 3180; x_wconf 82' lang='lat' dir='ltr'><strong>Begijnen</strong></span> <span class='ocrx_word' id='word_1_222' title='bbox 1132 3111 1193 3160; x_wconf 79' lang='lat' dir='ltr'><strong>van</strong></span> <span class='ocrx_word' id='word_1_223' title='bbox 1212 3093 1278 3182; x_wconf 86' lang='lat' dir='ltr'><strong>zijn</strong></span> 
     </span>
     <span class='ocr_line' id='line_1_29' title="bbox 147 3216 191 3264; baseline 0.045 -2"><span class='ocrx_word' id='word_1_224' title='bbox 147 3216 191 3264; x_wconf 91' lang='lat' dir='ltr'><strong>m.</strong></span> 
     </span>
    </p>
   </div>
   <div class='ocr_carea' id='block_1_8' title="bbox 147 3333 1278 3891">
    <p class='ocr_par' dir='ltr' id='par_1_8' title="bbox 147 3333 1278 3481">
     <span class='ocr_line' id='line_1_30' title="bbox 147 3333 1278 3403; baseline 0.001 -16"><span class='ocrx_word' id='word_1_225' title='bbox 147 3346 231 3387; x_wconf 82' lang='lat' dir='ltr'><strong>mnes</strong></span> <span class='ocrx_word' id='word_1_226' title='bbox 243 3333 401 3400; x_wconf 89' lang='lat' dir='ltr'><strong>episeopus,</strong></span> <span class='ocrx_word' id='word_1_227' title='bbox 414 3346 515 3385; x_wconf 88' lang='lat' dir='ltr'><strong>seruus</strong></span> <span class='ocrx_word' id='word_1_228' title='bbox 527 3346 677 3384; x_wconf 89' lang='lat' dir='ltr'><strong>seruorum</strong></span> <span class='ocrx_word' id='word_1_229' title='bbox 695 3333 757 3397; x_wconf 91' lang='lat' dir='ltr'><strong>Dei,</strong></span> <span class='ocrx_word' id='word_1_230' title='bbox 779 3333 937 3386; x_wconf 85' lang='lat' dir='ltr'><strong>venerabili</strong></span> <span class='ocrx_word' id='word_1_231' title='bbox 950 3335 1033 3388; x_wconf 78' lang='lat' dir='ltr'><strong>tratri</strong></span> <span class='ocrx_word' id='word_1_232' title='bbox 1051 3336 1184 3403; x_wconf 85' lang='lat' dir='ltr'><strong>episcopo</strong></span> <span class='ocrx_word' id='word_1_233' title='bbox 1205 3337 1278 3390; x_wconf 83' lang='lat' dir='ltr'><strong>Leo-</strong></span> 
     </span>
     <span class='ocr_line' id='line_1_31' title="bbox 147 3415 768 3481; baseline -0.002 -13"><span class='ocrx_word' id='word_1_234' title='bbox 147 3415 286 3476; x_wconf 84' lang='lat' dir='ltr'><strong>,salutem</strong></span> <span class='ocrx_word' id='word_1_235' title='bbox 299 3419 328 3467; x_wconf 91' lang='lat' dir='ltr'><strong>et</strong></span> <span class='ocrx_word' id='word_1_236' title='bbox 339 3415 524 3481; x_wconf 87' lang='lat' dir='ltr'><strong>apostolicam</strong></span> <span class='ocrx_word' id='word_1_237' title='bbox 533 3416 768 3469; x_wconf 85' lang='lat' dir='ltr'><strong>benedictionem.</strong></span> 
     </span>
    </p>

    <p class='ocr_par' dir='ltr' id='par_1_9' title="bbox 147 3496 1278 3813">
     <span class='ocr_line' id='line_1_32' title="bbox 147 3496 1277 3568; baseline 0.002 -18"><span class='ocrx_word' id='word_1_238' title='bbox 147 3513 155 3550; x_wconf 90' lang='grc' dir='ltr'>ι</span> <span class='ocrx_word' id='word_1_239' title='bbox 171 3498 208 3550; x_wconf 87' lang='grc'><strong>10</strong></span> <span class='ocrx_word' id='word_1_240' title='bbox 231 3496 407 3559; x_wconf 90' lang='lat' dir='ltr'><strong>mulieribus,</strong></span> <span class='ocrx_word' id='word_1_241' title='bbox 432 3511 487 3561; x_wconf 89' lang='lat' dir='ltr'><strong>que</strong></span> <span class='ocrx_word' id='word_1_242' title='bbox 507 3498 637 3564; x_wconf 84' lang='lat' dir='ltr'><strong>Beghine</strong></span> <span class='ocrx_word' id='word_1_243' title='bbox 652 3499 810 3566; x_wconf 83' lang='lat' dir='ltr'><strong>vulgariter</strong></span> <span class='ocrx_word' id='word_1_244' title='bbox 829 3503 858 3551; x_wconf 89' lang='lat' dir='ltr'><strong>et</strong></span> <span class='ocrx_word' id='word_1_245' title='bbox 875 3501 1051 3551; x_wconf 87' lang='lat' dir='ltr'><strong>communius</strong></span> <span class='ocrx_word' id='word_1_246' title='bbox 1069 3504 1277 3568; x_wconf 86' lang='lat' dir='ltr'><strong>nuncupantur,</strong></span> 
     </span>
     <span class='ocr_line' id='line_1_33' title="bbox 147 3580 1277 3648; baseline 0.002 -16"><span class='ocrx_word' id='word_1_247' title='bbox 147 3580 218 3646; x_wconf 65' lang='lat' dir='ltr'><strong>ruod</strong></span> <span class='ocrx_word' id='word_1_248' title='bbox 231 3595 286 3631; x_wconf 91' lang='lat' dir='ltr'><strong>non</strong></span> <span class='ocrx_word' id='word_1_249' title='bbox 295 3580 503 3643; x_wconf 84' lang='lat' dir='ltr'><strong>inchoantibus,</strong></span> <span class='ocrx_word' id='word_1_250' title='bbox 513 3581 563 3632; x_wconf 93' lang='lat' dir='ltr'><strong>sed</strong></span> <span class='ocrx_word' id='word_1_251' title='bbox 572 3583 820 3647; x_wconf 88' lang='lat' dir='ltr'><strong>perseuerantibus</strong></span> <span class='ocrx_word' id='word_1_252' title='bbox 832 3583 861 3632; x_wconf 93' lang='lat' dir='ltr'><strong>in</strong></span> <span class='ocrx_word' id='word_1_253' title='bbox 875 3582 1117 3637; x_wconf 79' lang='lat' dir='ltr'><strong>consummatione</strong></span> <span class='ocrx_word' id='word_1_254' title='bbox 1125 3585 1277 3648; x_wconf 85' lang='lat' dir='ltr'><strong>prestatur.</strong></span> 
     </span>
     <span class='ocr_line' id='line_1_34' title="bbox 149 3663 1278 3729; baseline 0.004 -15"><span class='ocrx_word' id='word_1_255' title='bbox 149 3664 254 3728; x_wconf 86' lang='lat' dir='ltr'><strong>quibus</strong></span> <span class='ocrx_word' id='word_1_256' title='bbox 277 3676 386 3715; x_wconf 89' lang='lat' dir='ltr'><strong>necnon</strong></span> <span class='ocrx_word' id='word_1_257' title='bbox 407 3664 437 3714; x_wconf 92' lang='lat' dir='ltr'><strong>et</strong></span> <span class='ocrx_word' id='word_1_258' title='bbox 456 3663 516 3714; x_wconf 83' lang='lat' dir='ltr'><strong>vita</strong></span> <span class='ocrx_word' id='word_1_259' title='bbox 533 3666 562 3715; x_wconf 89' lang='lat' dir='ltr'><strong>et</strong></span> <span class='ocrx_word' id='word_1_260' title='bbox 576 3665 792 3716; x_wconf 88' lang='lat' dir='ltr'><strong>conuersatione</strong></span> <span class='ocrx_word' id='word_1_261' title='bbox 809 3665 936 3729; x_wconf 82' lang='lat' dir='ltr'><strong>ipsanim</strong></span> <span class='ocrx_word' id='word_1_262' title='bbox 947 3664 1113 3728; x_wconf 73' lang='lat' dir='ltr'><strong>frequenter</strong></span> <span class='ocrx_word' id='word_1_263' title='bbox 1132 3666 1278 3728; x_wconf 87' lang='lat' dir='ltr'><strong>inquirere</strong></span> 
     </span>
     <span class='ocr_line' id='line_1_35' title="bbox 147 3745 1205 3813; baseline 0.001 -17"><span class='ocrx_word' id='word_1_264' title='bbox 147 3788 149 3796; x_wconf 77' lang='grc'><strong>,</strong></span> <span class='ocrx_word' id='word_1_265' title='bbox 161 3745 322 3811; x_wconf 79' lang='lat' dir='ltr'><strong>diligentia,</strong></span> <span class='ocrx_word' id='word_1_266' title='bbox 335 3759 421 3810; x_wconf 91' lang='lat' dir='ltr'><strong>super</strong></span> <span class='ocrx_word' id='word_1_267' title='bbox 432 3760 489 3809; x_wconf 89' lang='lat' dir='ltr'><strong>quo</strong></span> <span class='ocrx_word' id='word_1_268' title='bbox 499 3748 577 3798; x_wconf 88' lang='lat' dir='ltr'><strong>tuam</strong></span> <span class='ocrx_word' id='word_1_269' title='bbox 589 3759 740 3798; x_wconf 89' lang='lat' dir='ltr'><strong>oneramus</strong></span> <span class='ocrx_word' id='word_1_270' title='bbox 750 3747 967 3807; x_wconf 86' lang='lat' dir='ltr'><strong>conscienciam,</strong></span> <span class='ocrx_word' id='word_1_271' title='bbox 976 3760 1033 3797; x_wconf 92' lang='lat' dir='ltr'><strong>non</strong></span> <span class='ocrx_word' id='word_1_272' title='bbox 1045 3748 1205 3813; x_wconf 87' lang='lat' dir='ltr'><strong>postponas.</strong></span> 
     </span>
    </p>

    <p class='ocr_par' dir='ltr' id='par_1_10' title="bbox 147 3826 1226 3891">
     <span class='ocr_line' id='line_1_36' title="bbox 147 3826 1226 3891; baseline 0.003 -13"><span class='ocrx_word' id='word_1_273' title='bbox 147 3841 190 3878; x_wconf 89' lang='grc' dir='ltr'>ιιιι</span> <span class='ocrx_word' id='word_1_274' title='bbox 197 3828 348 3888; x_wconf 75' lang='lat' dir='ltr'><strong>Aninione,</strong></span> <span class='ocrx_word' id='word_1_275' title='bbox 361 3828 471 3878; x_wconf 91' lang='lat' dir='ltr'><strong>decimo</strong></span> <span class='ocrx_word' id='word_1_276' title='bbox 485 3828 621 3879; x_wconf 85' lang='lat' dir='ltr'><strong>kalendas</strong></span> <span class='ocrx_word' id='word_1_277' title='bbox 632 3827 649 3879; x_wconf 79' lang='lat' dir='ltr'>J</span> <span class='ocrx_word' id='word_1_278' title='bbox 652 3826 713 3891; x_wconf 89' lang='lat' dir='ltr'><strong>ulii,</strong></span> <span class='ocrx_word' id='word_1_279' title='bbox 734 3827 916 3891; x_wconf 81' lang='lat' dir='ltr'><strong>pontificatus</strong></span> <span class='ocrx_word' id='word_1_280' title='bbox 928 3828 1017 3879; x_wconf 88' lang='lat' dir='ltr'><strong>nostri</strong></span> <span class='ocrx_word' id='word_1_281' title='bbox 1030 3842 1103 3881; x_wconf 88' lang='lat' dir='ltr'><strong>anno</strong></span> <span class='ocrx_word' id='word_1_282' title='bbox 1115 3831 1226 3883; x_wconf 86' lang='lat' dir='ltr'><strong>octauo.</strong></span> 
     </span>
    </p>
   </div>
   <div class='ocr_carea' id='block_1_9' title="bbox 314 3942 1283 4590">
    <p class='ocr_par' dir='ltr' id='par_1_11' title="bbox 314 3942 1283 4590">
     <span class='ocr_line' id='line_1_37' title="bbox 314 3942 1279 4009; baseline 0.005 -16"><span class='ocrx_word' id='word_1_283' title='bbox 314 3942 503 4007; x_wconf 85' lang='lat' dir='ltr'><strong>Koninklijke</strong></span> <span class='ocrx_word' id='word_1_284' title='bbox 526 3942 707 3994; x_wconf 85' lang='lat' dir='ltr'><strong>Bibliotheek</strong></span> <span class='ocrx_word' id='word_1_285' title='bbox 726 3945 755 3994; x_wconf 93' lang='lat' dir='ltr'><strong>te</strong></span> <span class='ocrx_word' id='word_1_286' title='bbox 768 3942 896 4004; x_wconf 90' lang='lat' dir='ltr'><strong>Brussel,</strong></span> <span class='ocrx_word' id='word_1_287' title='bbox 915 3943 970 3995; x_wconf 88' lang='lat' dir='ltr'><strong>HS.</strong></span> <span class='ocrx_word' id='word_1_288' title='bbox 990 3945 1108 4009; x_wconf 70' lang='lat' dir='ltr'><strong>ela-9⁴4,</strong></span> <span class='ocrx_word' id='word_1_289' title='bbox 1125 3945 1175 3995; x_wconf 82' lang='grc'><strong>101.</strong></span> <span class='ocrx_word' id='word_1_290' title='bbox 1195 3944 1226 3994; x_wconf 79' lang='lat'><strong>12</strong></span> <span class='ocrx_word' id='word_1_291' title='bbox 1243 3960 1279 3998; x_wconf 92' lang='lat' dir='ltr'><strong>en</strong></span> 
     </span>
     <span class='ocr_line' id='line_1_38' title="bbox 347 4025 1281 4093; baseline 0.006 -18"><span class='ocrx_word' id='word_1_292' title='bbox 347 4038 429 4076; x_wconf 88' lang='lat' dir='ltr'><strong>verso</strong></span> <span class='ocrx_word' id='word_1_293' title='bbox 441 4025 694 4092; x_wconf 85' lang='lat' dir='ltr'><strong>(ongenummerd).</strong></span> <span class='ocrx_word' id='word_1_294' title='bbox 709 4053 741 4064; x_wconf 93' lang='lat'><em>-</em></span> <span class='ocrx_word' id='word_1_295' title='bbox 755 4025 862 4076; x_wconf 89' lang='lat' dir='ltr'><strong>Buiten</strong></span> <span class='ocrx_word' id='word_1_296' title='bbox 875 4026 930 4077; x_wconf 90' lang='lat' dir='ltr'><strong>den</strong></span> <span class='ocrx_word' id='word_1_297' title='bbox 942 4026 1147 4093; x_wconf 78' lang='lat' dir='ltr'><strong>bijgevoegden</strong></span> <span class='ocrx_word' id='word_1_298' title='bbox 1160 4025 1281 4081; x_wconf 87' lang='lat' dir='ltr'><strong>laatsten</strong></span> 
     </span>
     <span class='ocr_line' id='line_1_39' title="bbox 346 4106 1281 4176; baseline 0.009 -20"><span class='ocrx_word' id='word_1_299' title='bbox 346 4106 437 4158; x_wconf 88' lang='lat' dir='ltr'><strong>volzin</strong></span> <span class='ocrx_word' id='word_1_300' title='bbox 446 4108 500 4171; x_wconf 92' lang='grc'><strong>(110</strong></span> <span class='ocrx_word' id='word_1_301' title='bbox 517 4109 619 4172; x_wconf 89' lang='lat' dir='ltr'><strong>quibus</strong></span> <span class='ocrx_word' id='word_1_302' title='bbox 622 4144 670 4158; x_wconf 91' lang='grc'>.....</span> <span class='ocrx_word' id='word_1_303' title='bbox 692 4106 856 4173; x_wconf 86' lang='lat' dir='ltr'><strong>postponas)</strong></span> <span class='ocrx_word' id='word_1_304' title='bbox 871 4108 895 4158; x_wconf 91' lang='lat' dir='ltr'><strong>is</strong></span> <span class='ocrx_word' id='word_1_305' title='bbox 905 4108 941 4159; x_wconf 91' lang='lat' dir='ltr'><strong>de</strong></span> <span class='ocrx_word' id='word_1_306' title='bbox 953 4108 1029 4160; x_wconf 76' lang='lat' dir='ltr'><strong>telsst</strong></span> <span class='ocrx_word' id='word_1_307' title='bbox 1040 4107 1143 4176; x_wconf 81' lang='lat' dir='ltr'><strong>geheel</strong></span> <span class='ocrx_word' id='word_1_308' title='bbox 1154 4110 1281 4165; x_wconf 80' lang='lat' dir='ltr'><strong>deaelide</strong></span> 
     </span>
     <span class='ocr_line' id='line_1_40' title="bbox 346 4188 1282 4246; baseline 0.006 -6"><span class='ocrx_word' id='word_1_309' title='bbox 346 4188 446 4240; x_wconf 87' lang='lat' dir='ltr'><strong>alsdie</strong></span> <span class='ocrx_word' id='word_1_310' title='bbox 458 4204 511 4240; x_wconf 85' lang='lat' dir='ltr'><strong>van</strong></span> <span class='ocrx_word' id='word_1_311' title='bbox 523 4189 616 4241; x_wconf 89' lang='lat' dir='ltr'><strong>debui</strong></span> <span class='ocrx_word' id='word_1_312' title='bbox 629 4189 721 4241; x_wconf 89' lang='lat' dir='ltr'><strong>onder</strong></span> <span class='ocrx_word' id='word_1_313' title='bbox 731 4190 786 4241; x_wconf 92' lang='lat' dir='ltr'><strong>den</strong></span> <span class='ocrx_word' id='word_1_314' title='bbox 809 4191 906 4241; x_wconf 86' lang='lat' dir='ltr'><strong>datum</strong></span> <span class='ocrx_word' id='word_1_315' title='bbox 927 4203 980 4242; x_wconf 85' lang='lat' dir='ltr'><strong>van</strong></span> <span class='ocrx_word' id='word_1_316' title='bbox 997 4189 1031 4242; x_wconf 81' lang='grc'><strong>30</strong></span> <span class='ocrx_word' id='word_1_317' title='bbox 1048 4191 1205 4244; x_wconf 88' lang='lat' dir='ltr'><strong>December</strong></span> <span class='ocrx_word' id='word_1_318' title='bbox 1217 4193 1282 4246; x_wconf 79' lang='lat'>1320</span> 
     </span>
     <span class='ocr_line' id='line_1_41' title="bbox 344 4270 1280 4340; baseline 0.006 -19"><span class='ocrx_word' id='word_1_319' title='bbox 344 4270 404 4328; x_wconf 83' lang='lat' dir='ltr'><strong>(bul</strong></span> <span class='ocrx_word' id='word_1_320' title='bbox 423 4271 535 4338; x_wconf 84' lang='lat' dir='ltr'><strong>gericht</strong></span> <span class='ocrx_word' id='word_1_321' title='bbox 555 4273 597 4321; x_wconf 88' lang='lat' dir='ltr'><strong>tot</strong></span> <span class='ocrx_word' id='word_1_322' title='bbox 617 4272 671 4323; x_wconf 90' lang='lat' dir='ltr'><strong>den</strong></span> <span class='ocrx_word' id='word_1_323' title='bbox 697 4272 830 4337; x_wconf 87' lang='lat' dir='ltr'><strong>bisschop</strong></span> <span class='ocrx_word' id='word_1_324' title='bbox 848 4285 903 4323; x_wconf 85' lang='lat' dir='ltr'><strong>van</strong></span> <span class='ocrx_word' id='word_1_325' title='bbox 921 4273 1069 4338; x_wconf 76' lang='lat' dir='ltr'><strong>Deornik),</strong></span> <span class='ocrx_word' id='word_1_326' title='bbox 1085 4274 1114 4324; x_wconf 92' lang='lat' dir='ltr'><strong>in</strong></span> <span class='ocrx_word' id='word_1_327' title='bbox 1134 4273 1280 4340; x_wconf 61' lang='grc'><strong>(7110001,</strong></span> 
     </span>
     <span class='ocr_line' id='line_1_42' title="bbox 348 4353 1283 4422; baseline 0.006 -18"><span class='ocrx_word' id='word_1_328' title='bbox 348 4353 400 4405; x_wconf 88' lang='lat' dir='ltr'><strong>blz.</strong></span> <span class='ocrx_word' id='word_1_329' title='bbox 416 4353 543 4416; x_wconf 88' lang='grc'><strong>170,171,</strong></span> <span class='ocrx_word' id='word_1_330' title='bbox 563 4353 661 4404; x_wconf 60' lang='grc'><strong>11175.</strong></span> <span class='ocrx_word' id='word_1_331' title='bbox 683 4353 748 4419; x_wconf 82' lang='lat' dir='ltr'><strong>(Die</strong></span> <span class='ocrx_word' id='word_1_332' title='bbox 762 4353 1048 4422; x_wconf 80' lang='lat' dir='ltr'><strong>bijgevoegdevolzin</strong></span> <span class='ocrx_word' id='word_1_333' title='bbox 1065 4356 1145 4409; x_wconf 86' lang='lat' dir='ltr'><strong>duidt</strong></span> <span class='ocrx_word' id='word_1_334' title='bbox 1156 4356 1283 4410; x_wconf 81' lang='lat' dir='ltr'><strong>wellicht</strong></span> 
     </span>
     <span class='ocr_line' id='line_1_43' title="bbox 347 4436 1283 4503; baseline 0.007 -16"><span class='ocrx_word' id='word_1_335' title='bbox 347 4437 472 4497; x_wconf 75' lang='lat' dir='ltr'><strong>candet</strong></span> <span class='ocrx_word' id='word_1_336' title='bbox 489 4437 524 4488; x_wconf 88' lang='lat' dir='ltr'><strong>de</strong></span> <span class='ocrx_word' id='word_1_337' title='bbox 542 4449 611 4500; x_wconf 90' lang='lat' dir='ltr'><strong>paus</strong></span> <span class='ocrx_word' id='word_1_338' title='bbox 629 4437 702 4501; x_wconf 79' lang='lat' dir='ltr'><strong>zijne</strong></span> <span class='ocrx_word' id='word_1_339' title='bbox 714 4436 762 4489; x_wconf 93' lang='lat' dir='ltr'><strong>bul</strong></span> <span class='ocrx_word' id='word_1_340' title='bbox 785 4450 838 4489; x_wconf 86' lang='lat' dir='ltr'><strong>ran</strong></span> <span class='ocrx_word' id='word_1_341' title='bbox 858 4437 927 4490; x_wconf 80' lang='lat'>1320</span> <span class='ocrx_word' id='word_1_342' title='bbox 945 4436 1110 4503; x_wconf 87' lang='lat' dir='ltr'><strong>herbaalde,</strong></span> <span class='ocrx_word' id='word_1_343' title='bbox 1130 4439 1225 4491; x_wconf 89' lang='lat' dir='ltr'><strong>omdat</strong></span> <span class='ocrx_word' id='word_1_344' title='bbox 1247 4441 1283 4494; x_wconf 90' lang='lat' dir='ltr'><strong>de</strong></span> 
     </span>
     <span class='ocr_line' id='line_1_44' title="bbox 350 4519 1283 4590; baseline 0.006 -18"><span class='ocrx_word' id='word_1_345' title='bbox 350 4519 493 4572; x_wconf 87' lang='lat' dir='ltr'><strong>Luiksche</strong></span> <span class='ocrx_word' id='word_1_346' title='bbox 516 4519 647 4585; x_wconf 88' lang='lat' dir='ltr'><strong>bisschop</strong></span> <span class='ocrx_word' id='word_1_347' title='bbox 669 4534 703 4572; x_wconf 92' lang='lat' dir='ltr'><strong>er</strong></span> <span class='ocrx_word' id='word_1_348' title='bbox 719 4534 777 4588; x_wconf 82' lang='lat' dir='ltr'><strong>neg</strong></span> <span class='ocrx_word' id='word_1_349' title='bbox 788 4534 860 4587; x_wconf 80' lang='lat' dir='ltr'><strong>geen</strong></span> <span class='ocrx_word' id='word_1_350' title='bbox 873 4519 977 4588; x_wconf 81' lang='lat' dir='ltr'><strong>gevolg</strong></span> <span class='ocrx_word' id='word_1_351' title='bbox 989 4535 1042 4573; x_wconf 90' lang='lat' dir='ltr'><strong>aan</strong></span> <span class='ocrx_word' id='word_1_352' title='bbox 1053 4534 1181 4589; x_wconf 74' lang='lat' dir='ltr'><strong>gegeven</strong></span> <span class='ocrx_word' id='word_1_353' title='bbox 1194 4521 1250 4576; x_wconf 87' lang='lat' dir='ltr'><strong>had</strong></span> <span class='ocrx_word' id='word_1_354' title='bbox 1262 4525 1283 4590; x_wconf 85' lang='grc'><strong>1)</strong></span> 
     </span>
    </p>
   </div>
   <div class='ocr_carea' id='block_1_10' title="bbox 0 0 1598 5340">
    <p class='ocr_par' dir='ltr' id='par_1_12' title="bbox 0 0 1598 5340">
     <span class='ocr_line' id='line_1_45' title="bbox 0 0 1598 5340; baseline 0 0"><span class='ocrx_word' id='word_1_355' title='bbox 0 0 1598 5340; x_wconf 95' lang='lat' dir='ltr'><strong> </strong></span> 
     </span>
    </p>
   </div>
  </div>
 </body>
</html>
