3256 5324
630 485 735 539 Auno
754 485 818 537 lete
1292 488 1337 541 121

376 650 625 706 &menonem
640 648 796 704 Menas
811 649 1057 726 etwbt'enonymt,
1074 653 1112 718 blj
1126 654 1251 717 Desmet,
1265 651 1336 706 Cor·

404 731 857 802 mairomontem,
876 735 939 788 decl
956 735 1000 798 111,
1018 735 1070 787 bla.
1089 734 1174 788 teon
1192 735 1335 801 se-no

411 817 485 882 abdlj
497 830 551 868 van
569 815 713 868 Beudeloo
732 829 790 867 was
801 818 831 868 in
842 816 892 869 het
906 817 972 869 land
981 832 1036 870 vau
1048 818 1135 870 Waas
1146 818 1335 883 (Rbksvlm-

407 898 505 959 deren)
515 897 646 965 gelegen.
661 898 694 949 ln
703 898 739 950 de
752 896 807 946 lb<b
818 911 898 951 eeuw
910 901 958 950 teu
970 900 1080 964 gronde
1090 901 1239 959 verwoest,
1257 899 1334 951 werd

410 981 443 1044 aij
463 980 568 1032 binnen
579 980 615 1032 de
631 980 695 1032 etad
707 980 781 1032 (lent
799 980 1014 1046 evergebracbt.
1027 982 1104 1034 Hare
1115 982 1272 1048 gebouwen
1289 981 1335 1033 al·

410 1062 480 1114 daar
490 1062 593 1115 dienen
604 1061 708 1124 heden,
719 1063 808 1115 onder
819 1062 952 1125 anderen,
964 1077 1033 1115 voor
1041 1064 1076 1116 de
1090 1063 1270 1116 Bibliotheek
1282 1064 1335 1115 der

409 1145 549 1200 deutsche
562 1145 772 1214 Hoogesohool.

618 1340 670 1411 rs
694 1334 820 1452 (197⁴).

10 1530 14 1535 ·
159 1508 249 1583 tete,
266 1504 455 1574 onceoets
478 1504 674 1592 September
688 1511 740 1582 29,
763 1507 913 1576 nonna.
940 1506 1120 1576 Uittreksel
1138 1505 1184 1574 uit
1200 1506 1240 1573 de
1255 1505 1334 1574 kro-

20 1602 26 1607 ’
120 1605 182 1696 uijk
193 1627 260 1675 vau
272 1607 336 1677 den
352 1608 535 1698 tijdgenoot
550 1607 675 1678 Robert
690 1630 755 1677 van
771 1609 945 1700 Avesbnry
960 1631 1040 1678 over
1054 1610 1094 1677 de
1112 1608 1332 1678 bedevaarteu

79 1771 81 1774 ,
123 1731 176 1779 nau
188 1711 388 1779 wnvscbe
402 1731 443 1777 eu
456 1711 679 1780 Hollsndsehe
694 1712 887 1780 Geeselaars
901 1721 935 1782 te
950 1712 1082 1780 Londeu
1097 1712 1132 1779 iu
1147 1712 1331 1800 Engelaud.

17 1816 30 1836 ·’
127 1813 362 1882 -Omstreeks
377 1813 440 1880 deu
455 1813 724 1902 StMichielsdag
739 1816 892 1882 kwameu
913 1815 1026 1887 aldaar
1050 1816 1099 1883 uit
1122 1815 1333 1883 Vlaaudersu

126 1937 201 1984 mser
217 1916 287 1984 dau
302 1915 449 1984 houderd
472 1917 608 2005 twiutig
628 1918 834 2000 Geeselaars,
859 1920 996 1987 meestal
1011 1920 1172 1987 Zeeuweu
1195 1938 1236 1986 en
1254 1918 1334 1987 Hol-

123 2021 346 2101 lauders,nsar
359 2019 401 2087 de
415 2019 609 2088 St·Peulus·
626 2041 666 2088 eu
679 2021 801 2089 audere
814 2021 952 2091 kei-ken.
966 2022 1013 2112 zij
1027 2021 1231 2090 verriclrtteu
1248 2020 1332 2089 erin

10 2148 19 2181 r
120 2125 137 2192 't
150 2121 316 2211 opeubear
330 2123 443 2192 hnuue
457 2121 691 2192 boetewerkeu
707 2145 747 2191 eu
760 2145 886 2213 aougeu
902 2144 940 2192 er
960 2123 994 2192 in
1011 2125 1125 2192 hunus
1146 2124 1214 2194 taal
1231 2125 1333 2204 liedef

10 2253 12 2257 ·
110 2247 181 2310 reu,
195 2227 248 2295 die
258 2227 342 2294 door
357 2226 427 2294 risu
442 2226 576 2294 huuuer
589 2227 806 2315 naugeheseu
822 2248 863 2296 eu
876 2229 957 2296 door
970 2229 1011 2295 de
1027 2228 1181 2316 overigen
1198 2227 1233 2295 in
1249 2227 1332 2296 koor

103 2325 322 2399 beautvoord
336 2329 487 2399 verdon.
504 2328 574 2398 Ool
591 2329 617 2397 ’s
633 2332 750 2400 uachts
773 2331 974 2399 seruchtteu
991 2331 1031 2420 aij
1049 2330 1163 2399 hunus
1177 2331 1330 2419 peniten-

94 2431 165 2512 tie,
185 2454 245 2501 zoo
260 2453 336 2500 meu
351 2432 466 2518 zegde.

413 2588 448 2641 A.
460 2588 497 2641 n.
510 2590 583 2642 1349.
597 2615 629 2628 -
639 2589 681 2641 ns
689 2587 797 2656 pene
803 2589 1018 2658 manentum.

118 2683 218 2743 Dicto
230 2702 299 2742 vero
311 2703 385 2742 auno
403 2689 517 2741 Domim
539 2688 693 2741 millesimo
712 2688 810 2742 00020
828 2689 959 2753 XLIX110,
980 2690 1095 2742 circiter
1114 2691 1219 2743 testum
1239 2690 1330 2742 sancti

67 2761 266 2834 Michaelis,
277 2770 343 2837 plus
359 2771 514 2838 quamvju
530 2770 669 2834 homines,
682 2786 735 2839 pro
754 2773 863 2838 majore
880 2774 962 2839 parte
977 2772 1012 2825 de
1029 2771 1132 2824 Selond
1155 2772 1185 2824 et
1197 2771 1329 2824 Houlsnd

63 2851 229 2916 mundi,
248 2866 303 2921 per
318 2852 483 2909 Flnudriam
505 2853 653 2906 venientes
672 2852 844 2919 Londouias,
867 2853 1019 2920 aliquando
1041 2854 1071 2906 in
1094 2852 1216 2906 eeclesia
1237 2854 1328 2905 sancti

58 2923 186 2987 Pauli
195 2937 227 2988 et
234 2934 387 3001 aliquando
395 2934 466 2987 locis
476 2933 541 2986 aliis
563 2934 690 3001 ejusdem
702 2935 834 2997 civitatis,
845 2936 888 2987 bis
899 2937 929 2987 in
938 2937 994 2997 die,
1007 2936 1037 2987 in
1049 2937 1201 3001 conspectu
1218 2934 1327 3001 populi,
1366 2978 1374 2991 ,

55 3019 78 3058 Β
115 3017 295 3071 temonibus
311 3016 446 3082 usquead
458 3015 531 3068 talos
542 3030 637 3082 penno
647 3015 724 3068 lineo
736 3017 873 3082 cooperti,
886 3019 946 3068 toto
963 3016 1077 3070 residuo
1096 3016 1224 3083 corporis
1242 3016 1329 3069 denu-

52 3089 174 3164 dato,
194 3112 285 3167 supra
301 3100 441 3165 caputque
458 3097 566 3166 singuli
578 3098 714 3152 habentes
731 3097 860 3165 singulos
872 3099 995 3165 capellos
1012 3113 1096 3152 cruce
1108 3100 1198 3152 rubes
1215 3101 1282 3152 ante
1299 3101 1329 3153 et

50 3183 175 3236 retro
201 3182 340 3249 signatos,
358 3179 521 3247 singulique
542 3179 680 3233 habentes
704 3181 734 3232 in
751 3195 835 3233 manu
852 3181 970 3233 dextera
986 3180 1131 3248 flagellum
1153 3195 1219 3233 cum
1236 3182 1327 3234 tribua

50 3263 237 3327 cordulis,
256 3262 380 3332 singulis
397 3262 572 3315 habentibus
588 3276 676 3314 unum
693 3263 797 3314 nodum
814 3264 876 3328 (per
889 3264 1071 3329 mediumque
1087 3263 1240 3330 cuiuslibet
1259 3265 1325 3318 nodi

51 3339 164 3401 illac
176 3347 291 3401 etistac
301 3347 382 3413 quasi
393 3360 461 3400 acus
473 3346 550 3398 acuti
563 3346 644 3399 inflxi
656 3347 790 3410 luerunt),
799 3360 852 3413 per
863 3347 987 3399 medium
997 3348 1186 3415 processionis
1198 3348 1327 3414 quolibet

52 3431 161 3491 post
169 3429 264 3483 alium
272 3431 348 3482 nudo
356 3429 428 3497 pede
438 3428 596 3490 incedente,
609 3428 717 3495 seipsos
734 3442 797 3479 cum
814 3429 897 3481 dictis
909 3429 1031 3496 flagellis
1043 3431 1073 3481 in
1086 3430 1160 3480 nudo
1172 3430 1325 3497 sanguino·

53 3507 175 3565 lento
184 3526 309 3580 corpore
321 3511 512 3581 flagellarunt,
520 3511 646 3576 ipsorum
657 3511 726 3575 iiij⁰¹
738 3511 914 3564 cantantibus
926 3513 956 3562 in
967 3512 1102 3564 idiomate
1113 3513 1239 3579 proprio,
1252 3513 1326 3564 cete·

56 3597 135 3648 rin
147 3595 375 3648 omuibusdictis
385 3593 453 3658 iilj⁰r
465 3593 702 3659 respondentibus
710 3593 745 3644 cd
755 3593 870 3644 modum
879 3592 1001 3646 letaniae
1013 3593 1214 3646 schristioolie
1223 3594 1324 3645 decan·

61 3679 217 3744 tudam
226 3679 257 3731 et
265 3690 362 3729 omnes
373 3675 457 3728 simul
469 3675 547 3727 trina
555 3675 617 3726 sice
635 3676 664 3726 in
676 3674 837 3740 hujusmodi
848 3677 1029 3742 processione
1046 3689 1076 3729 se
1088 3677 1123 3728 ad
1140 3678 1258 3738 terram
1270 3689 1324 3742 per

68 3761 215 3818 modum
226 3760 320 3812 crucis
331 3759 455 3811 extensis
466 3757 606 3819 manibus,
617 3758 845 3822 prosternebant.
864 3755 1012 3821 Gontiuue
1024 3761 1057 3811 ut
1067 3761 1239 3825 praefertur,
1258 3772 1323 3811 cau·

76 3843 202 3905 santes,
211 3840 347 3895 stultimo
356 3840 482 3907 ipsorum
490 3838 693 3904 alciacentium
705 3838 873 3901 inchoando,
883 3839 1003 3904 quilibet
1019 3840 1096 3894 ultre
1109 3840 1197 3894 alium
1208 3855 1323 3909 passum

86 3921 207 3982 (sciens
223 3933 288 3972 cum
304 3932 356 3970 suo
372 3917 486 3986 fiagello
499 3918 550 3970 sub
562 3933 592 3970 se
603 3919 744 3984 jacentem
762 3919 850 3971 semel
869 3922 1025 3986 percussit;
1044 3922 1140 3988 sieque
1157 3923 1194 3975 de
1211 3936 1268 3974 uno
1285 3922 1322 3975 ad

99 4003 251 4069 reliquum,
263 4015 353 4067 usque
364 4002 400 4053 ad
410 3998 582 4068 completum
590 4015 738 4054 numerum
747 4002 788 4053 sic
795 4003 959 4068 jacentium,
972 4003 1094 4057 similem
1103 4005 1191 4056 ritum
1200 4003 1323 4069 quilibet

114 4085 267 4149 observavit.
285 4083 394 4136 Deinde
410 4081 518 4151 singuli
529 4096 560 4135 se
577 4084 636 4135 suis
648 4085 790 4137 consuetis
807 4085 930 4138 vestibus
941 4087 1140 4148 induebantur.
1158 4090 1197 4150 et,
1208 4101 1322 4153 semper
1374 4137 1376 4140 .

121 4166 225 4236 apollon
234 4166 413 4232 in'cspitibus
430 4169 460 4218 et
471 4164 587 4232 flagella
599 4165 630 4217 iu
642 4167 771 4218 manibus
784 4168 973 4233 deportantes,
986 4171 1021 4221 ad
1032 4183 1084 4222 sua
1095 4169 1220 4236 hospitia
1231 4169 1320 4223 decli·

131 4251 220 4314 quunt3
227 4248 402 4315 ¹similemque
412 4248 626 4315 poenitentiam,
639 4249 671 4299 ut
679 4248 836 4312 dicebatur,
849 4250 969 4317 singulis
981 4253 1110 4304 noctibus
1121 4253 1274 4305 iaciebant.

357 4359 477 4413 Roberti
489 4359 525 4412 de
541 4362 687 4426 Avesbmy
706 4360 832 4416 Historia
847 4361 882 4415 dc
897 4362 1069 4417 mirabib'bne
1088 4367 1174 4432 pectre
1190 4364 1319 4419 edvardi

386 4440 442 4506 ΙΙΙ,
459 4444 532 4510 uitg.
553 4445 625 4496 door
641 4444 691 4496 Th.
710 4444 852 4498 nennius
866 4445 995 4510 (Oxlord,
1013 4445 1095 4512 1720),
1118 4447 1171 4500 bla.
1191 4447 1316 4514 ite-lum

394 4522 657 4601 reomaenses
667 4524 821 4586 unomen
837 4524 904 4584 net
914 4526 960 4584 tte
978 4526 1121 4586 etronnn
1133 4529 1277 4606 ositobert
1289 4533 1324 4605 ⁰s
