3188 5340
583 496 687 549 ANNO
707 496 771 546 14111
1237 498 1285 547 401

59 664 228 726 paupertate
248 662 413 726 permansit,
434 662 568 712 continue
588 674 640 725 per
667 661 781 712 eosdem
806 661 913 711 iudices
931 661 1047 711 minime
1068 663 1193 712 vocatus.
1214 661 1285 713 Cum

61 744 152 809 igitur
167 743 299 808 amplius,
319 744 394 795 unde
412 746 508 808 posset
525 743 689 806 sustentari,
721 757 776 794 non
805 742 933 806 haberet,
958 742 1196 806 consideransque
1219 744 1289 794 tune

61 839 172 877 sacrum
190 827 341 877 concilium
362 825 556 877 verisimiliter
577 840 632 876 non
650 825 754 877 debere
772 826 850 877 brevi
871 827 999 888 tempore
1017 826 1175 885 terminari,
1188 825 1224 877 de
1241 827 1285 877 sui

60 909 217 972 superioris
228 909 301 959 scitu
314 913 342 960 et
364 922 489 968 assensu,
502 909 624 973 penuria
640 906 806 959 victualium
823 910 954 974 cogente,
973 907 1009 958 ad
1021 909 1137 972 propria
1147 907 1244 969 rediit,
1256 912 1289 959 ut

61 990 116 1040 sibi
129 989 163 1040 de
175 992 343 1041 necessariis
355 992 412 1041 vite
429 990 602 1055 provideret,
620 1003 684 1041 cum
697 990 779 1040 firmo
789 990 940 1055 proposito
948 989 983 1040 ad
995 990 1087 1053 ipsum
1099 1003 1210 1040 sacrum
1223 1003 1291 1041 con·

62 1071 170 1135 cilium,
182 1076 267 1136 prout
284 1074 362 1134 lecit,
380 1073 527 1123 redeundi.
545 1072 638 1132 Quare
656 1073 778 1122 recurrit
790 1071 865 1122 idem
878 1085 1023 1135 exponens
1040 1072 1076 1122 ad
1087 1071 1173 1136 pedes
1194 1075 1291 1123 vestre·

61 1155 231 1217 sanctitatis,
250 1153 411 1218 supplicans
429 1153 578 1224 humiliter
590 1157 619 1205 11
629 1154 731 1205 devote
743 1157 885 1218 quatenus
905 1167 1019 1205 causam
1037 1157 1066 1205 et
1082 1166 1181 1204 causas
1193 1153 1292 1205 huius-

61 1236 150 1299 modi,
180 1238 265 1288 etiam
287 1236 474 1300 principalem
497 1251 561 1287 cum
581 1238 640 1288 suis
664 1234 785 1301 singulis
804 1237 1026 1301 emergentibus,
1045 1237 1236 1288 incidentibus
1261 1245 1293 1287 et

61 1319 207 1379 connexis,
226 1318 383 1384 dignemini
403 1321 453 1369 uni
472 1333 507 1369 ex
525 1318 769 1370 reverendissimis
782 1318 811 1368 in
830 1317 943 1369 Christo
961 1319 1089 1383 patribus
1106 1321 1135 1369 11
1157 1318 1292 1382 (11111111,

62 1401 185 1451 dominis
196 1407 293 1452 sancte
310 1403 439 1453 Romane
452 1401 570 1452 ecclesie
587 1400 780 1452 cardinalibus
799 1401 948 1452 comittere
966 1401 1147 1462 audiendum,
1160 1402 1289 1453 deciden-

62 1483 130 1533 dum
143 1484 172 1534 et
183 1484 239 1534 dne
257 1484 354 1535 debito
371 1484 582 1542 terminandum
599 1485 661 1535 sine
680 1484 799 1535 actionis
812 1484 933 1548 strepitu
956 1486 985 1535 et
1002 1484 1096 1549 figura
1114 1484 1221 1545 iudicii,
1240 1485 1291 1535 sed

62 1564 124 1616 sola
136 1566 180 1616 rei
197 1566 317 1617 raritate
330 1567 458 1630 inspecta
475 1580 539 1617 cum
553 1568 702 1630 ¹potestate
714 1565 890 1627 absolvendi,
912 1564 1058 1617 inhibendi
1070 1567 1098 1617 et
1111 1565 1216 1617 citandi
1228 1579 1294 1630 per-

62 1646 210 1712 sonaliter,
228 1649 253 1698 si
273 1662 344 1713 opus
362 1650 408 1708 sit,
426 1662 497 1712 quos
514 1651 576 1701 lore
596 1650 725 1700 citandos
745 1648 916 1709 decreverit,
937 1650 967 1699 et
992 1649 1040 1712 qui
1061 1661 1113 1699 sua
1129 1649 1295 1712 putaverint

63 1731 213 1791 interesse,
225 1731 256 1780 in
277 1731 452 1781 contrarium
470 1732 640 1782 facientibus
657 1745 714 1781 non
734 1731 913 1781 obstantibus
932 1729 1155 1793 quibuscunque.
1170 1751 1180 1772 ι

96 1812 130 1862 In
151 1812 206 1864 fine
230 1825 297 1863 vero
320 1813 396 1863 dicte
416 1813 624 1863 commissionis
648 1813 706 1863 sive
726 1810 944 1876 supplicationis
963 1810 1063 1862 cedule
1086 1812 1192 1875 scripta
1209 1816 1292 1863 erant

65 1894 100 1943 dc
121 1892 239 1945 alterius
264 1906 365 1945 manus
388 1893 472 1945 litera
495 1895 635 1958 superiori
653 1892 737 1945 litere
757 1894 846 1957 ipsius
867 1892 966 1943 cedule
985 1892 1098 1956 penitus
1121 1896 1149 1943 11
1176 1893 1293 1943 omnino

40 2011 42 2016 -
65 1975 198 2027 dissimili
218 1978 248 2028 et
264 1976 377 2028 diversa
393 1976 446 2028 hec
466 1977 563 2037 verba,
587 1969 737 2028 videlicet:

97 2060 164 2111 «Dc
190 2061 322 2111 mandato
349 2061 455 2112 domini
474 2062 563 2112 nostri
584 2073 656 2124 pape
676 2059 773 2110 audiat
790 2058 1044 2111 reverendissimus
1061 2060 1143 2122 pater
1160 2059 1292 2109 dominus

63 2142 216 2194 cardinalis
229 2142 410 2203 Veronensis,
420 2144 499 2207 citet,
517 2146 549 2194 ut
558 2144 675 2207 petitur,
685 2144 714 2192 et
726 2141 862 2202 absolvat,
876 2144 942 2201 etc,
955 2142 979 2190 si
992 2143 1021 2191 et
1039 2143 1124 2205 prout
1143 2141 1178 2191 de
1190 2141 1262 2192 iure.
1279 2162 1289 2183 ·

98 2223 224 2275 Alterius
241 2238 309 2275 vero
326 2226 534 2275 commissionis
552 2226 611 2276 slve
624 2223 839 2288 supplicationis
851 2221 952 2273 cedule
963 2223 1047 2272 tenor
1063 2223 1191 2285 sequitur
1209 2223 1238 2273 et
1249 2232 1294 2273 est

65 2305 150 2357 talis:
804 2293 806 2297 ’

99 2387 293 2441 ιΒ1111111111
322 2392 414 2455 pater.
442 2390 512 2441 Cum
540 2390 621 2451 alias,
653 2391 730 2440 lama
755 2387 870 2454 publica
894 2389 1048 2447 relerente,
1076 2387 1151 2451 quod
1176 2387 1292 2450 quidam

64 2472 155 2522 trater
168 2470 309 2523 Mattheus
321 2472 451 2534 Grabow,
465 2475 556 2524 irater
568 2472 676 2523 ordinis
695 2472 920 2536 predicatorum,
934 2472 1001 2520 tunc
1013 2470 1042 2519 in
1055 2469 1161 2520 diocesi
1179 2469 1291 2520 Traiec-

65 2554 138 2605 tensi
159 2566 347 2618 commorans,
376 2557 476 2606 contra
496 2569 631 2619 personas
659 2555 737 2605 tertii
759 2553 869 2604 ordinis
890 2554 980 2603 sancti
999 2552 1142 2603 Francisci
1164 2552 1199 2603 de
1215 2552 1293 2616 peni-

63 2636 156 2688 tentia
168 2626 342 2700 nuncupatas
359 2637 487 2702 aliasque
499 2638 613 2688 devotas
633 2650 768 2700 personas
787 2636 910 2686 civitatis
922 2637 951 2686 et
964 2635 1084 2685 diocesis
1102 2634 1293 2685 Traiectensis

64 2717 217 2770 nonnullas
238 2719 331 2770 minus
351 2734 442 2781 veras,
461 2733 555 2785 ymmo
578 2731 722 2778 erroneas,
740 2719 772 2768 ut
795 2719 887 2781 prima
907 2717 981 2768 lacie
1001 2718 1165 2781 apparebat,
1182 2715 1295 2768 conclu·

63 2803 161 2852 siones
178 2804 319 2853 assereret
335 2815 439 2866 easque
456 2802 589 2852 hincinde
609 2801 833 2851 communicaret
848 2802 879 2850 et
900 2799 1048 2865 premissis
1068 2812 1124 2851 non
1142 2801 1291 2852 contentus

65 2884 207 2947 quendam
224 2883 331 2934 librum
347 2885 376 2933 in
396 2884 493 2935 multis
510 2885 569 2935 suis
586 2883 814 2935 conclusionibus
835 2895 986 2933 erroneum
1004 2883 1105 2932 contra
1122 2880 1212 2932 dictas
1229 2894 1293 2946 per—

65 2979 160 3026 sonas,
179 2970 211 3015 ut
228 2966 341 3025 dicitur,
359 2966 585 3029 conscripsisset,
597 2965 853 3017 reverendissimus
870 2963 952 3026 paler
970 2963 1101 3012 dominus
1113 2962 1293 3023 Fredericus,

64 3048 216 3111 episcopus
236 3047 426 3099 Traiectensis
443 3047 607 3107 modernus,
630 3049 782 3112 propterea
806 3048 906 3097 111111
932 3045 1054 3097 eundem
1076 3044 1167 3096 irater
1186 3045 1292 3109 inquiri

64 3124 157 3178 voluit
166 3132 251 3188 atque
263 3126 416 3188 mandavit,
427 3130 455 3176 et
467 3126 560 3176 dictus
572 3126 673 3186 irater,
686 3128 827 3188 quatenus
840 3124 950 3174 videret
961 3123 1066 3173 dictam
1079 3123 1291 3185 inquisitionem

66 3209 131 3278 lieri
150 3209 185 3260 ad
204 3208 367 3260 mandatum
388 3207 456 3258 dicti
476 3208 584 3257 domini
602 3207 728 3271 episcopi
747 3219 797 3257 seu
816 3207 878 3256 eius
901 3205 1099 3266 commissarii,
1112 3205 1215 3255 citatus
1227 3218 1293 3254 con·

64 3292 219 3344 tumacitcr
235 3290 353 3341 recessit
371 3293 400 3340 et
411 3304 506 3341 coram
519 3290 660 3340 iudicibus
673 3289 738 3339 ildei
752 3289 781 3338 in
795 3285 916 3338 concilio
934 3287 1144 3338 Constantiensi
1156 3286 1291 3351 quasdam

64 3372 273 3435 conclusiones,
291 3373 387 3432 etiam,
404 3377 436 3422 ut
457 3373 615 3430 videbatur,
636 3379 782 3429 erroneas,
803 3383 890 3434 super
910 3368 999 3420 simili
1017 3370 1146 3428 materia,
1168 3371 1241 3421 sicut
1263 3370 1290 3419 in

63 3457 174 3508 diocesi
192 3455 366 3506 Traieetensi
379 3456 533 3505 asseruisse
551 3455 664 3513 dicitur,
678 3453 782 3503 obtulit
794 3455 823 3503 et
834 3452 899 3504 inde
916 3454 1002 3504 etiam
1020 3453 1120 3503 contra
1138 3453 1290 3503 iussionem

64 3539 209 3588 dictorum
228 3537 353 3586 iudicum
376 3535 449 3586 clam
475 3539 504 3586 11
531 3535 628 3585 (111111
657 3535 809 3585 1111111111
833 3534 947 3595 (1111111,
976 3535 1090 3597 iamque
1116 3547 1246 3584 reversus
1275 3546 1292 3583 a

64 3620 216 3672 sanctitate
233 3622 328 3669 vestra
348 3618 487 3681 quandam
505 3618 742 3677 commissionem,
756 3631 810 3680 que
829 3617 1066 3671 reverendissimo
1084 3617 1158 3681 patri
1176 3616 1291 3666 domino

63 3699 206 3754 cardinali
228 3699 384 3752 Veronensi
398 3703 562 3763 presentata
579 3701 684 3761 extitit,
703 3713 788 3764 super
800 3700 947 3763 premissis
964 3695 1008 3750 vel
1026 3698 1127 3749 saltem
1148 3696 1290 3761 aliquibus

64 3798 166 3836 eorum
183 3784 287 3835 dicitur
308 3784 473 3840 obtinuisse,
487 3781 572 3844 unde,
597 3786 629 3831 ut
651 3783 755 3832 veritas
776 3782 929 3842 elucescat,
953 3783 1101 3845 dictusque
1119 3783 1217 3840 irater,
1241 3782 1290 3844 qui

64 3868 159 3918 lucem
182 3868 296 3932 lugiens
314 3866 406 3930 primo
424 3868 452 3915 et
471 3864 603 3923 secundo,
621 3865 654 3914 ut
674 3865 828 3927 prefertur,
846 3865 974 3927 recessit,
993 3863 1027 3915 de
1048 3864 1194 3927 premissis
1211 3863 1292 3926 puni-

64 3951 173 4000 tionem
186 3949 320 4010 debitam,
331 3949 355 3998 si
367 3947 498 4007 excessit,
511 3946 642 4009 accipiat,
654 3946 789 4011 dignetur
801 3960 871 4011 ergo
883 3947 1019 3998 sanctitas
1028 3949 1122 3997 vestra
1131 3944 1290 3995 huiusmodi

65 4032 305 4092 commissionem,
329 4034 358 4082 et
380 4030 584 4094 premissorum
604 4032 733 4079 tenorem
755 4027 908 4079 habentem
928 4041 980 4093 pro
998 4028 1152 4092 expressis,
1178 4028 1289 4091 prelato

65 4114 304 4166 reverendissimo
325 4114 400 4178 patri
421 4111 535 4163 domino
555 4109 693 4162 cardinali
717 4110 873 4161 Veronensi
902 4111 1081 4162 committere
1098 4114 1127 4162 11
1144 4109 1292 4169 mandare,

68 4198 99 4247 ut
119 4197 147 4246 in
171 4195 334 4246 huiusmodi
351 4195 472 4246 materia
489 4194 653 4253 summarie,
663 4192 833 4256 simpliciter
849 4198 879 4243 et
895 4194 931 4244 de
942 4192 1026 4257 plano
1039 4207 1072 4243 ac
1089 4193 1150 4243 sine
1169 4192 1289 4256 strepitu

65 4283 95 4329 et
115 4279 209 4344 ligura
229 4278 326 4329 iudicii
349 4281 378 4329 et
401 4290 437 4328 ex
457 4277 551 4327 officio
572 4277 672 4327 contra
692 4275 813 4325 eundem
833 4275 951 4325 tratrem
978 4274 1135 4325 Mattheum
1156 4274 1291 4337 procedat

66 4363 97 4411 et
118 4362 245 4424 inquirat
256 4375 289 4412 ac
309 4363 501 4424 promotorem
521 4372 570 4409 seu
588 4358 787 4423 instigatorem
799 4356 925 4407 eiusdem
939 4355 1025 4407 oflicii
1037 4369 1124 4406 unum
1136 4355 1180 4406 vel
1192 4355 1291 4419 plures

70 4444 198 4506 deputet,
216 4444 240 4493 si
261 4443 315 4493 sibi
338 4442 489 4507 placuerit,
509 4455 541 4491 ac
565 4441 680 4504 totiens,
701 4439 812 4502 quoties
838 4452 909 4503 opus
934 4439 1032 4500 fuerit,
1055 4442 1084 4488 11
1109 4437 1132 4487 11
1153 4438 1291 4500 premissa

69 4525 115 4577 vel
136 4525 243 4590 aliquid
261 4527 474 4591 premissorum,
495 4524 580 4587 quod.
593 4523 628 4573 ad
648 4522 702 4573 hoc
718 4522 849 4583 sufficiat,
868 4522 1028 4587 reppererit
1044 4521 1164 4572 veritate
1183 4518 1291 4583 iulciri,

1209 4643 1242 4694 26
