3188 5340
192 481 225 534 14
673 479 778 534 ANNO
796 481 936 532 1175-1177

191 645 252 698 zelo
265 646 365 697 domus
378 647 431 698 Dei
440 647 583 698 ferventes
592 644 743 707 exhibetis,
756 648 869 712 gratnm
880 647 960 697 nobis
976 646 1127 697 admodum
1136 659 1198 697 esse
1209 647 1415 711 acceptumque

191 729 337 782 noveritis.
358 727 464 780 Verum
485 729 561 793 quia,
584 729 657 780 sicut
675 730 844 794 accepimns,
866 730 1005 792 quendam
1026 728 1210 789 sacerdotem,
1230 728 1417 780 Lambertum

192 811 315 873 nomine,
335 811 370 862 de
391 808 486 862 heresi
504 811 673 862 inlamatum
691 812 720 863 et
750 823 780 862 se
799 823 960 876 expurgare
979 809 1122 862 volentem
1142 823 1233 875 neque
1254 798 1417 862 cdnvictum

191 906 282 958 neque
303 893 473 954 contessum,
498 893 534 944 ad
555 893 630 945 sedis
651 906 762 956 quoque
780 890 934 957 apostolice
952 893 1125 943 audientiam
1142 891 1330 957 appelantem,
1348 907 1416 943 oon·

190 977 298 1040 tempta
311 976 481 1027 auctoritate
493 974 568 1027 sedis
581 975 745 1040 apostolice,
756 975 918 1040 captivastis
930 979 959 1026 et
970 974 1090 1027 vinculis
1102 975 1258 1036 addidistis,
1269 976 1292 1024 si
1306 976 1346 1026 ita
1358 976 1414 1036 est,

191 1072 246 1109 non
264 1060 406 1111 modicum
430 1060 605 1110 admiramur
624 1060 653 1109 et
673 1057 827 1122 plurimum
850 1058 1015 1109 admirando
1039 1058 1194 1108 turbamur.
1219 1057 1299 1109 Inter
1317 1060 1416 1109 cetera

190 1154 322 1204 namque,
332 1154 387 1205 qne
399 1142 474 1192 sedis
486 1140 640 1205 apostolice
655 1141 817 1205 benignitas
830 1140 895 1190 aliis
908 1139 1035 1202 indulsit,
1046 1138 1244 1205 appellationis
1256 1140 1415 1191 remedium

189 1224 244 1274 sibi
268 1224 491 1275 misericorditer
513 1224 677 1284 reservavit,
702 1225 733 1272 ut
756 1236 808 1288 per
830 1236 893 1274 eam
920 1224 1063 1288 oppressis
1080 1225 1109 1273 et
1131 1220 1296 1287 exspoliatis
1316 1225 1414 1287 posset

189 1306 343 1368 subveniri,
365 1307 544 1359 invasoribus
564 1319 631 1357 vero
653 1306 729 1368 juste
751 1307 781 1356 et
803 1306 938 1356 canonice
961 1306 1079 1357 obviari.
1105 1305 1174 1357 Cum
1196 1305 1293 1368 itaque
1317 1303 1414 1355 divine

188 1388 302 1439 virtutis
313 1393 344 1441 et
360 1387 549 1440 institutionis
561 1389 669 1438 sanctio
688 1387 733 1450 sit,
748 1389 780 1436 ut
796 1387 922 1438 omnium
934 1388 1118 1439 ecclesiarum
1130 1388 1250 1453 negocia
1261 1387 1416 1451 presertim

189 1471 224 1522 de
237 1471 292 1523 nde
310 1471 450 1522 catholica
461 1471 496 1522 ad
509 1472 605 1522 nostre
617 1470 735 1522 tendant
752 1471 941 1535 reparationis
960 1472 1101 1530 ellectum,
1114 1484 1147 1523 eo
1165 1471 1240 1534 quod
1254 1471 1345 1522 Roma
1356 1469 1415 1537 (111)

189 1553 311 1605 eeclesia
322 1567 408 1620 supra
420 1556 529 1618 petram
541 1554 659 1605 lundata
672 1555 819 1606 firmitasa
830 1552 952 1616 Christo,
965 1556 1058 1606 mater
1069 1555 1112 1605 est
1123 1555 1153 1605 et
1163 1555 1248 1619 caput
1259 1552 1415 1605 constituta

188 1636 336 1702 dignitatis
353 1639 382 1688 et
406 1635 599 1687 ecclesiastice
619 1637 757 1701 magistra
776 1637 907 1698 rationis,
931 1638 963 1687 ut
982 1636 1057 1700 quod
1075 1635 1180 1702 ligaret
1197 1638 1413 1702 superterram,

187 1716 309 1785 ligatum
327 1721 401 1771 esset
413 1719 483 1770 etin
498 1718 577 1779 celis,
591 1721 619 1770 et
638 1719 713 1782 quod
734 1718 858 1770 solveret
879 1732 965 1783 super
983 1722 1099 1781 terram,
1109 1718 1232 1770 solutum
1249 1720 1324 1770 esset
1340 1719 1413 1770 etin

188 1799 267 1863 celis,
280 1802 417 1852 miramur
429 1814 517 1865 quare
528 1801 587 1866 jam
599 1801 705 1852 dictum
718 1799 902 1852 Lambertum
913 1802 1098 1861 sacerdotem,
1112 1805 1176 1866 post
1192 1799 1413 1867 appellationem

188 1884 222 1935 ad
236 1899 286 1935 nos
298 1886 411 1945 iactam,
424 1885 568 1949 captivare
580 1887 609 1935 et
619 1882 739 1934 vinculis
752 1883 873 1949 alligare
886 1898 943 1935 non
955 1884 1130 1935 formidastis
1143 1886 1171 1936 et
1182 1883 1367 1949 appellationi
1381 1896 1414 1934 ac

186 1966 320 2032 dignitati
332 1968 407 2018 sedis
420 1966 576 2032 apostolice
588 1968 788 2027 reverentiam,
801 1968 833 2017 ut
845 1967 993 2029 debuistis,
1008 1982 1064 2017 non
1077 1966 1229 2019 detulistis.

219 2049 357 2110 Quocirca
368 2050 547 2101 universitati
559 2052 652 2100 vestre
670 2062 721 2113 per
733 2048 890 2113 apostolica
908 2051 1015 2115 scripta
1027 2051 1186 2102 mandando
1198 2047 1371 2114 precipimus
1385 2049 1415 2099 et

188 2128 309 2179 tirmiter
328 2128 515 2193 injungimus,
536 2128 678 2191 quatinus,
701 2128 797 2178 statim
813 2127 882 2177 visis
905 2127 950 2178 his
963 2128 1068 2179 litteris
1087 2129 1199 2190 nostris,
1218 2142 1284 2194 sepe
1306 2130 1415 2181 dietum

187 2210 369 2261 Lambertum
389 2224 407 2261 a
427 2209 548 2262 vinculis
571 2209 723 2261 absolvatis
746 2212 775 2260 et
800 2210 835 2260 ad
862 2224 912 2260 nos
936 2224 1022 2274 super
1038 2210 1103 2272 hiis,
1122 2224 1176 2275 que
1194 2212 1221 2262 ei
1239 2212 1412 2275 obiciuntur,

185 2292 313 2359 plenarie
339 2306 541 2358 responsurum
557 2293 656 2344 venire
676 2290 859 2367 permittatis.
881 2293 911 2345 Si
930 2294 994 2357 quis
1011 2298 1106 2345 autem
1127 2293 1234 2358 aliquid
1251 2292 1279 2346 ei
1296 2294 1412 2347 obicere

186 2370 318 2433 voluerit,
330 2385 383 2436 per
393 2385 424 2422 se
435 2371 480 2423 vel
498 2385 550 2437 per
562 2371 692 2422 nuntium
710 2384 800 2431 suum,
814 2384 879 2422 cnm
895 2370 999 2423 litteris
1017 2373 1112 2423 tamen
1129 2373 1240 2433 vestris,
1264 2375 1362 2424 nostro
1380 2386 1410 2426 se

186 2455 349 2520 conspectui
366 2458 553 2520 representet,
566 2458 594 2506 et
612 2457 688 2516 tunc,
708 2456 732 2505 si
750 2455 818 2519 quid
839 2455 869 2506 in
887 2468 920 2507 eo
939 2456 1164 2521 reprehensibile
1184 2457 1411 2524 cognoverimus,

185 2549 242 2602 qna
253 2537 387 2589 debemus
404 2537 581 2590 districtione
597 2537 786 2602 corrigemus.

219 2620 356 2672 Preterea
369 2620 404 2671 de
414 2621 511 2682 Petro,
525 2620 666 2682 servatio,
677 2620 841 2681 Wederieo,
853 2620 1006 2683 warnero,
1020 2621 1134 2674 cesario
1143 2622 1320 2688 presbiteris,
1330 2636 1411 2686 quos,

186 2703 218 2752 ut
230 2702 398 2767 audivimus,
411 2703 505 2754 officio
518 2705 547 2754 et
558 2702 697 2754 beneflcio
709 2703 850 2767 privastis,
864 2716 969 2767 eosque
988 2706 1070 2755 extra
1081 2705 1274 2770 episcopatum
1285 2708 1412 2758 vestrum

186 2784 346 2849 expulistis,
359 2784 479 2848 eoquod
492 2797 559 2848 sepe
570 2785 629 2835 tato
642 2783 794 2836 Lamberto
806 2783 1002 2835 familiaritate
1020 2786 1141 2848 quadam
1151 2785 1241 2850 juncti
1259 2789 1343 2838 erant
1360 2799 1412 2838 neo

186 2881 252 2920 eum
263 2871 400 2932 tanquam
411 2866 571 2919 hereticum
583 2867 715 2931 abjurare
732 2865 874 2928 volebant,
887 2868 1022 2931 quoniam
1040 2882 1125 2934 super
1142 2866 1261 2933 objectis
1279 2870 1334 2921 sibi
1347 2883 1411 2922 eum

186 2952 221 3003 ad
243 2965 294 3002 nos
314 2948 472 3016 appellasse
492 2950 709 3015 cognoscebant,
734 2950 912 3001 universitati
935 2952 1028 3002 vestre
1049 2952 1207 3025 mandando
1227 2953 1409 3018 precipimus,

186 3035 319 3098 quatinus
332 3047 380 3085 eos
401 3034 463 3084 sine
479 3032 616 3084 dilatione
638 3032 800 3083 officiosae
822 3034 851 3084 et
871 3034 1009 3085 beneflcio
1032 3034 1062 3084 in
1081 3048 1152 3099 paee
1169 3035 1210 3086 uti
1227 3036 1412 3100 permittatis,

187 3116 277 3166 donec
297 3115 331 3166 de
352 3114 406 3175 his,
427 3127 481 3178 que
504 3127 570 3179 sepe
591 3116 746 3165 memorato
766 3114 918 3165 Lamberto
937 3115 1109 3181 obiciuntur,
1133 3115 1217 3183 plene
1238 3131 1412 3184 cognoscere

186 3196 343 3249 valeamus.

220 3281 324 3332 Datum
337 3279 412 3345 apud
423 3279 558 3331 Sanctum
570 3277 745 3341 Flavianum,
759 3277 818 3330 1111
831 3292 919 3330 nonas
932 3279 1115 3344 Septembris.

449 3426 504 3479 HS.
524 3426 557 3487 Q.
582 3428 607 3477 9.
628 3426 674 3478 182
691 3438 745 3475 van
770 3423 819 3475 het
843 3422 972 3476 Museum
999 3425 1208 3479 Hunterianum
1226 3430 1255 3480 te
1275 3427 1410 3494 Glasgow

477 3508 532 3572 (120
543 3506 645 3573 eeuvv);
666 3504 821 3572 aigedrukt
832 3506 869 3570 bij
884 3505 986 3571 Ulysse
999 3508 1117 3569 Robert‚
1129 3507 1258 3561 Bulloire
1275 3507 1317 3560 du
1330 3525 1409 3577 pape

483 3588 588 3643 Colioete
597 3588 635 3650 II,
649 3587 711 3640 deel
724 3588 763 3649 II,
776 3587 828 3638 blz.
845 3589 902 3650 29³,
917 3599 946 3639 nr
957 3589 1014 3641 480.
1029 3617 1060 3627 -
1070 3590 1131 3642 Een
1141 3591 1196 3642 San
1208 3591 1345 3644 Flaviano
1355 3607 1413 3645 vas

478 3674 507 3723 in
520 3673 555 3724 dc
568 3672 792 3723 middeleeuvven
804 3672 832 3721 te
844 3671 948 3721 vinden
960 3673 998 3736 bij
1012 3672 1138 3734 viterbo,
1149 3687 1201 3725 een
1214 3676 1324 3727 tweede
1334 3676 1365 3726 in
1376 3675 1413 3727 de

480 3757 610 3818 Abrumi,
623 3754 699 3808 welk
710 3754 811 3806 laatste
824 3753 917 3805 heden
931 3755 1099 3808 Giulianova
1110 3756 1185 3809 beet.

701 3994 750 4062 14
774 3982 879 4084 (46⁵).

228 4207 269 4291 (e.
288 4205 478 4285 1175-1177,
505 4197 641 4284 111111)
663 4195 899 4264 Smeekschrift
917 4217 979 4262 van
997 4215 1101 4264 eonon
1125 4197 1185 4263 der
1201 4198 1413 4285 aanhangers

183 4327 248 4375 van
264 4307 414 4373 lambert
433 4304 463 4371 11
479 4301 589 4389 Btgue
604 4321 666 4368 ean
684 4300 747 4366 den
761 4320 851 4386 paus,
868 4296 995 4366 waarin
1007 4299 1053 4388 hij
1071 4300 1141 4367 zieh
1158 4302 1272 4368 zelven
1285 4321 1327 4367 en
1341 4303 1414 4369 vier

182 4411 285 4497 zijner
300 4408 457 4494 afwazige
470 4406 629 4473 vrienden
643 4402 850 4490 beschuldigt
862 4423 926 4469 van
940 4402 987 4470 uit
998 4402 1120 4490 dwang
1131 4425 1173 4471 en
1185 4404 1296 4472 schrik
1310 4411 1413 4492 tegen

181 4511 374 4581 lambertus
405 4532 466 4578 een
498 4509 632 4578 valache
662 4507 847 4594 gatulgenis
874 4512 908 4573 te
936 4505 1064 4573 hebben
1092 4507 1350 4594 8111111111.-
1365 4510 1414 4577 De
