3188 5340
541 484 644 538 ANNO
662 483 803 536 lesa-1350
1241 492 1289 544 llll

72 659 101 698 en
113 645 314 714 Champaigne,
325 649 441 714 jusques
450 650 467 701 a
477 648 576 702 Raima
587 650 617 702 et
627 649 743 715 iusques
754 652 785 704 es
797 650 928 703 marchas
940 651 1100 717 d'environ;
1112 654 1184 705 mnia
1201 653 1237 705 ils
1250 667 1286 706 ne

67 738 286 806 parerent-plus
297 744 390 804 avant,
402 752 452 792 car
462 739 550 806 leroy
568 740 603 794 de
621 740 729 793 Franco
747 742 880 809 Philippa
895 743 919 794 si
937 744 1039 796 manda
1058 757 1110 810 par
1127 757 1171 797 aes
1187 744 1286 797 lettres

65 833 119 885 que
144 818 201 873 l'en
220 820 263 874 les
278 823 388 888 prenist
409 836 462 890 par
477 825 539 876 tout
555 837 606 876 son
625 823 781 891 royaulme.
799 825 836 877 ovi
848 825 902 878 l’en
925 825 967 879 lea
987 827 1159 879 trouverroit
1179 828 1285 880 faisans

63 901 141 956 leurs
159 904 346 957 oemmonies

330 986 575 1042 Handsobriltder
583 988 734 1042 Nationale
743 989 925 1044 Bibliotheek
935 993 964 1043 te
973 992 1075 1057 PariJs,
1087 991 1194 1044 Anotera
1201 988 1286 1058 fonds

362 1068 515 1140 &aaran
525 1071 618 1136 &⁰8⁸3
637 1070 811 1138 aangehaald
829 1073 900 1124 door
916 1074 1032 1139 Kervyn
1049 1075 1085 1125 de
1100 1073 1284 1137 Lettanhove,

363 1151 485 1205 Histoire
493 1150 771 1215 doFlaaareieerste
779 1157 912 1222 migrare),
921 1154 985 1208 dael
994 1156 1046 1220 ΙΙΙ,
1057 1155 1108 1208 blz.
1120 1156 1170 1208 353
1181 1171 1216 1209 en
1224 1157 1284 1220 358,

360 1235 436 1286 noct.
460 1261 492 1272 -
511 1236 545 1288 In
563 1251 614 1288 ons
632 1235 737 1304 Corpus
753 1238 776 1300 1,
794 1237 847 1289 blz.
867 1238 924 1302 195,
941 1237 1052 1291 hebben
1063 1240 1109 1305 wtj
1128 1237 1232 1291 sleehts
1248 1239 1284 1291 de

359 1314 452 1365 eerste
467 1317 634 1381 ·paragraat
661 1329 714 1367 van
743 1317 784 1367 dit
811 1316 960 1369 uittreksel
986 1317 1188 1383 medegedeeld
1215 1331 1285 1369 naar

359 1396 512 1459 Nameche,
527 1396 614 1483 Cours
625 1396 764 1451 &balaae
772 1398 924 1461 nmionalo,
936 1399 999 1452 deel
1012 1399 1050 1462 ΙΙ,
1063 1399 1115 1451 bia.
1134 1400 1192 1463 645,
1205 1401 1282 1462 noct,

358 1479 404 1530 die
424 1479 474 1531 het
489 1478 544 1533 aelt
559 1482 603 1533 uit
623 1481 739 1546 Kervyn
759 1484 834 1535 moet
852 1481 974 1550 gehaald
991 1481 1112 1536 hebben.

553 1675 599 1745 '21
624 1668 775 1770 (naabi).

107 1846 202 1919 1349,
230 1843 436 1911 Jerusalem,
468 1842 718 1931 hanteekening
741 1865 821 1911 over
836 1844 898 1912 den
914 1845 1174 1932 eigenhandigen
1198 1845 1286 1914 brief

59 1968 126 2014 van
143 1946 305 2028 Christus,
322 1946 396 2012 dien
411 1946 451 2013 de
462 1946 653 2014 Geeselaara
668 1946 860 2015 baveerden
877 1955 912 2016 te
923 1948 1104 2016 Jerusalem
1116 1948 1154 2015 in
1169 1947 1281 2037 bijzijn

60 2071 127 2117 van
146 2050 209 2116 den
225 2048 411 2136 patriaaroh
436 2050 484 2117 uit
507 2050 547 2116 de
564 2050 693 2118 handen
710 2071 773 2117 van
797 2072 900 2121 eenen
925 2051 1020 2137 angel
1043 2056 1230 2138 ontvangen
1247 2057 1281 2120 te

61 2152 205 2221 hebben.
224 2188 266 2203 -·
283 2154 366 2219 Deae
382 2152 469 2219 brief
489 2173 556 2219 was
572 2173 614 2239 op
631 2174 711 2221 eene
728 2159 862 2221 steenen
879 2153 958 2222 tafel
971 2153 1104 2241 gegrift.
1124 2154 1168 2220 lle
1184 2156 1279 2242 angel

62 2256 159 2344 legde
182 2256 266 2323 haar
280 2275 321 2342 op
336 2255 393 2324 het
403 2256 511 2323 altaar
523 2276 585 2323 van
601 2256 781 2325 serietas
804 2260 838 2324 te
849 2257 1031 2325 Jerusalem
1048 2276 1140 2335 near,
1155 2258 1279 2345 tervijl

61 2359 121 2427 bet
137 2358 216 2426 volk
231 2379 272 2446 op
287 2360 327 2425 de
349 2359 586 2446 aangeziohten
610 2359 673 2427 viel
690 2380 731 2428 en
755 2361 862 2446 Kyria
886 2361 1025 2428 Mon
1048 2379 1143 2446 aong.
1162 2360 1200 2427 In
1216 2361 1280 2428 den

59 2461 254 2530 briaistond
270 2466 304 2530 te
319 2463 423 2540 lezen,
442 2462 498 2529 dat
513 2462 583 2530 (lod
606 2483 821 2531 voornemens
844 2484 914 2530 was
939 2462 978 2530 de
1001 2462 1124 2529 wereld
1141 2467 1173 2529 te
1189 2462 1278 2531 laten

61 2585 208 2653 vergaan
224 2585 265 2651 op
284 2566 327 2634 10
341 2563 540 2653 September,
557 2566 710 2633 verende
726 2567 789 2634 den
803 2567 929 2653 zondag
942 2588 985 2633 na
1004 2564 1275 2654 Mariageboorte,

58 2667 141 2736 doch
158 2665 218 2735 dat
228 2666 287 2736 het
302 2667 454 2755 gesmeek
470 2667 528 2735 der
543 2669 671 2756 Heilige
683 2670 802 2755 Maagd
826 2690 867 2737 en
884 2671 942 2737 der
957 2670 1095 2756 angelen
1112 2668 1187 2736 hem
1204 2690 1277 2735 ver-

57 2770 186 2839 mnrwd
202 2770 277 2839 had.
304 2772 350 2837 De
373 2769 560 2857 patriaareh
587 2792 652 2839 van
677 2773 859 2839 Jerusalem
884 2793 953 2839 was
986 2773 1167 2860 aanwezig,
1198 2779 1276 2841 toen

56 2873 94 2940 de
110 2874 209 2962 angel
226 2872 288 2941 den
305 2872 393 2941 brief
403 2872 585 2942 aanbracht
600 2895 641 2942 en
664 2895 785 2957 zwoer,
805 2876 863 2943 dat
884 2876 929 2964 hij
947 2876 1018 2944 niet
1040 2896 1104 2944 van
1133 2877 1173 2945 de
1188 2876 1276 2943 hand

56 2998 117 3045 van
134 2998 195 3045 een
214 2979 374 3064 schepsel
394 2997 485 3045 maer
500 2997 565 3044 van
581 2978 650 3048 (lod
666 2979 779 3045 zelven
798 2999 868 3045 vvaa
881 2978 1098 3066 geschreven.

87 3117 252 3171 S'eaauitla
268 3122 369 3172 tenear
379 3119 414 3171 de
432 3117 496 3170 leur
512 3118 587 3170 table
602 3117 685 3183 qu'ils
702 3118 823 3170 disoient
834 3131 889 3183 qne
901 3119 972 3170 Dieu
983 3117 1047 3170 leur
1062 3119 1139 3171 avoit
1149 3119 1276 3185 envoyae

56 3207 180 3271 ascripta
192 3205 227 3256 de
239 3191 272 3254 sa
282 3215 385 3268 propre
397 3203 483 3263 main,
495 3203 525 3253 et
535 3202 604 3253 dont
615 3201 644 3252 la
654 3203 755 3253 tenear
764 3201 880 3253 s’ensuit
893 3215 899 3250 ε

86 3288 139 3341 Isti
152 3288 218 3338 sunt
230 3284 343 3337 articuli
361 3284 480 3336 extracti
493 3297 528 3336 ex
542 3283 647 3346 littera,
660 3297 745 3348 quam
756 3283 854 3334 dicunt
871 3282 1076 3350 Flagellatorea
1087 3282 1143 3334 sibi
1160 3283 1275 3334 missam

54 3367 373 3436 aDeoperangelum:
786 3425 792 3441 ¹

87 3452 169 3513 Quod
187 3451 262 3504 istud
279 3451 440 3502 mandatum
453 3451 496 3502 est
511 3448 600 3501 Jhesu
618 3448 720 3500 Christi
737 3450 853 3501 missum
871 3463 922 3514 per
941 3448 1074 3515 angelum
1092 3450 1227 3515 scriptum
1244 3451 1274 3502 in

54 3532 153 3585 tabula
163 3532 286 3598 lapidea,
299 3544 383 3598 quam
392 3532 507 3584 tenebat
516 3530 635 3598 angelus
648 3544 734 3596 super
745 3528 835 3583 altare
844 3529 937 3582 Sancti
950 3530 1026 3582 Petri
1037 3531 1067 3581 in
1078 3531 1272 3596 iherusalem

53 3617 121 3668 item
134 3616 170 3668 ad
182 3616 335 3667 adventum
346 3614 442 3681 an'geii
453 3626 557 3681 magna
574 3613 689 3665 claritas
701 3612 815 3665 reinlait
826 3616 855 3664 et
866 3612 986 3679 populus
997 3613 1160 3679 stupescens
1171 3615 1274 3667 cecidit

52 3700 199 3750 interram
211 3711 297 3764 super
307 3699 394 3749 iacies
406 3711 481 3759 suas,
493 3695 641 3748 clamando
650 3696 738 3764 Kyrte
750 3694 882 3763 Eleyooa.

84 3783 167 3843 Item,
181 3782 256 3846 quod
269 3781 344 3832 Deus
356 3781 531 3847 cogitaverat
543 3779 690 3831 destruere
701 3780 835 3844 quicquid
847 3779 918 3830 vixit
933 3779 963 3829 in
980 3778 1034 3830 hoc
1050 3777 1146 3830 seculo
1163 3779 1273 3831 decima

51 3865 96 3917 (lie
106 3865 291 3930 Septembris,
305 3863 358 3914 hoc
369 3864 445 3915 esset
456 3863 502 3914 die
513 3863 655 3914 dominica
664 3864 799 3927 sequente
810 3861 993 3913 Nativitatem
1005 3860 1124 3912 Sanctae
1134 3860 1271 3927 Virginis3

51 3949 127 4012 qnod
145 3951 174 4000 et
194 3950 299 3999 tactum
319 3950 403 4009 esset,
423 3947 477 3997 nisi
499 3947 575 3999 Deua
602 3948 755 4011 preventus
772 3946 873 3998 inisset
889 3944 1021 4011 precibus
1038 3945 1143 3998 Beatae
1163 3944 1271 3997 Mariae

52 4031 180 4097 Virginis
189 4031 218 4082 et
229 4029 396 4082 Sanctorum
408 4028 584 4096 angelorum.

82 4114 162 4176 item,
174 4112 250 4177 quod
259 4111 437 4181 patriarchus
448 4112 503 4164 tuit
514 4125 630 4177 presens
639 4112 669 4163 in
681 4112 833 4163 donatione
842 4111 924 4162 istius
932 4109 1066 4162 mandati.

82 4196 165 4255 Item,
188 4195 264 4259 quod
280 4194 399 4261 angelus
416 4195 530 4260 juravit,
549 4193 623 4259 quod
641 4194 715 4245 istud
733 4193 895 4246 mandatum
913 4207 968 4244 non
986 4192 1041 4243 tuit
1065 4191 1201 4258 scriptum
1218 4203 1273 4257 per

50 4292 149 4331 manus
160 4277 282 4343 alicujus
293 4279 450 4340 creaturae,
462 4278 511 4329 sed
523 4277 582 4329 sola
593 4290 678 4329 manu
688 4275 746 4329 Dei.

313 4375 462 4430 Nationale
475 4376 657 4429 Bibliotheck
669 4380 697 4428 te
709 4377 810 4441 Parijs,
822 4375 929 4428 Amen
943 4372 1027 4442 fanda
1044 4371 1159 4436 Colbm,
1173 4374 1268 4425 Hand·

341 4460 442 4511 schrift
453 4458 596 4524 N18298⁸3
615 4458 792 4525 aangehaald
805 4460 842 4524 bij
856 4459 982 4527 Kervyn‚
1000 4455 1122 4511 Histoire
1132 4453 1168 4509 de
1178 4454 1266 4508 Flan-

341 4540 825 4607 dre,dee1111,bu.esa,354‚n00t.
1136 4569 1141 4579 ·
